<?xml version="1.0" encoding="UTF-8"?>
<!DOCTYPE html PUBLIC "-//W3C//DTD XHTML 1.0 Transitional//EN"
    "http://www.w3.org/TR/xhtml1/DTD/xhtml1-transitional.dtd">
<html xmlns="http://www.w3.org/1999/xhtml" xml:lang="en" lang="en">
 <head>
  <title>
</title>
<meta http-equiv="Content-Type" content="text/html;charset=utf-8" />
  <meta name='ocr-system' content='tesseract 3.04.00' />
  <meta name='ocr-capabilities' content='ocr_page ocr_carea ocr_par ocr_line ocrx_word'/>
</head>
<body>
  <div class='ocr_page' id='page_1' title='image "./quintuscurtiusr00cellgoog_0202.png"; bbox 0 0 2642 4386; ppageno 0'>
   <div class='ocr_carea' id='block_1_1' title="bbox 434 367 1164 434">
    <p class='ocr_par' dir='ltr' id='par_1_1' title="bbox 434 367 1164 434">
     <span class='ocr_line' id='line_1_1' title="bbox 434 367 1164 434; baseline 0.003 -4"><span class='ocrx_word' id='word_1_1' title='bbox 434 387 557 431; x_wconf 75' lang='lat' dir='ltr'>ursus</span> <span class='ocrx_word' id='word_1_2' title='bbox 581 389 673 434; x_wconf 88' lang='lat' dir='ltr'>v111.</span> <span class='ocrx_word' id='word_1_3' title='bbox 702 387 789 432; x_wconf 80' lang='lat' dir='ltr'>car.</span> <span class='ocrx_word' id='word_1_4' title='bbox 814 389 865 430; x_wconf 83' lang='grc' dir='ltr'>ιν.</span> <span class='ocrx_word' id='word_1_5' title='bbox 1108 367 1164 432; x_wconf 78' lang='lat' dir='ltr'>let</span> 
     </span>
    </p>
   </div>
   <div class='ocr_carea' id='block_1_2' title="bbox 121 525 1166 1842">
    <p class='ocr_par' dir='ltr' id='par_1_2' title="bbox 121 525 1166 1842">
     <span class='ocr_line' id='line_1_2' title="bbox 147 525 1164 608; baseline 0 -20"><span class='ocrx_word' id='word_1_6' title='bbox 147 527 240 599; x_wconf 81' lang='lat' dir='ltr'>Quem</span> <span class='ocrx_word' id='word_1_7' title='bbox 259 527 375 588; x_wconf 82' lang='lat' dir='ltr'>intuens</span> <span class='ocrx_word' id='word_1_8' title='bbox 394 527 569 605; x_wconf 69' lang='lat' dir='ltr'>Alexander,</span> <span class='ocrx_word' id='word_1_9' title='bbox 590 527 737 608; x_wconf 77' lang='lat' dir='ltr'>“Ecquid</span> <span class='ocrx_word' id='word_1_10' title='bbox 752 527 903 608; x_wconf 77' lang='lat' dir='ltr'>intelligis,</span> <span class='ocrx_word' id='word_1_11' title='bbox 926 525 1039 601; x_wconf 82' lang='lat' dir='ltr'>miles,”</span> <span class='ocrx_word' id='word_1_12' title='bbox 1058 525 1164 608; x_wconf 86' lang='lat' dir='ltr'>inquit,</span> 
     </span>
     <span class='ocr_line' id='line_1_3' title="bbox 145 621 1166 704; baseline -0.002 -21"><span class='ocrx_word' id='word_1_13' title='bbox 145 627 282 703; x_wconf 86' lang='lat' dir='ltr'>“quanto</span> <span class='ocrx_word' id='word_1_14' title='bbox 300 623 418 682; x_wconf 90' lang='lat' dir='ltr'>meliore</span> <span class='ocrx_word' id='word_1_15' title='bbox 440 631 527 700; x_wconf 81' lang='lat' dir='ltr'>sorte,</span> <span class='ocrx_word' id='word_1_16' title='bbox 540 624 629 703; x_wconf 83' lang='lat' dir='ltr'>qudm</span> <span class='ocrx_word' id='word_1_17' title='bbox 652 623 761 700; x_wconf 81' lang='lat' dir='ltr'>Persae,</span> <span class='ocrx_word' id='word_1_18' title='bbox 775 623 831 684; x_wconf 88' lang='lat' dir='ltr'>snb</span> <span class='ocrx_word' id='word_1_19' title='bbox 853 623 936 704; x_wconf 79' lang='lat' dir='ltr'>Rege</span> <span class='ocrx_word' id='word_1_20' title='bbox 953 622 1085 684; x_wconf 68' lang='lat' dir='ltr'>vivens?</span> <span class='ocrx_word' id='word_1_21' title='bbox 1104 621 1166 682; x_wconf 84' lang='lat' dir='ltr'>illis</span> 
     </span>
     <span class='ocr_line' id='line_1_4' title="bbox 141 717 1163 798; baseline 0.001 -20"><span class='ocrx_word' id='word_1_22' title='bbox 141 720 222 778; x_wconf 84' lang='lat' dir='ltr'>enim</span> <span class='ocrx_word' id='word_1_23' title='bbox 234 718 267 777; x_wconf 91' lang='lat' dir='ltr'>in</span> <span class='ocrx_word' id='word_1_24' title='bbox 287 717 360 777; x_wconf 73' lang='lat' dir='ltr'>selle</span> <span class='ocrx_word' id='word_1_25' title='bbox 375 717 467 798; x_wconf 78' lang='lat' dir='ltr'>Regis</span> <span class='ocrx_word' id='word_1_26' title='bbox 490 719 653 778; x_wconf 74' lang='lat' dir='ltr'>consedisse</span> <span class='ocrx_word' id='word_1_27' title='bbox 665 718 771 797; x_wconf 82' lang='lat' dir='ltr'>ospital</span> <span class='ocrx_word' id='word_1_28' title='bbox 793 718 880 793; x_wconf 83' lang='lat' dir='ltr'>foret,</span> <span class='ocrx_word' id='word_1_29' title='bbox 894 717 951 778; x_wconf 91' lang='lat' dir='ltr'>tibi</span> <span class='ocrx_word' id='word_1_30' title='bbox 964 717 1053 778; x_wconf 74' lang='lat' dir='ltr'>soluti</span> <span class='ocrx_word' id='word_1_31' title='bbox 1074 717 1163 779; x_wconf 64' lang='lat' dir='ltr'>fulv’</span> 
     </span>
     <span class='ocr_line' id='line_1_5' title="bbox 144 811 1163 892; baseline 0.001 -21"><span class='ocrx_word' id='word_1_32' title='bbox 144 812 270 872; x_wconf 85' lang='lat' dir='ltr'>Postero</span> <span class='ocrx_word' id='word_1_33' title='bbox 290 813 338 872; x_wconf 89' lang='lat' dir='ltr'>die</span> <span class='ocrx_word' id='word_1_34' title='bbox 358 813 523 874; x_wconf 68' lang='lat' dir='ltr'>consonatis</span> <span class='ocrx_word' id='word_1_35' title='bbox 544 813 645 873; x_wconf 76' lang='lat' dir='ltr'>amieis</span> <span class='ocrx_word' id='word_1_36' title='bbox 664 814 868 892; x_wconf 90' lang='lat' dir='ltr'>copiarumque</span> <span class='ocrx_word' id='word_1_37' title='bbox 889 811 1020 887; x_wconf 87' lang='lat' dir='ltr'>ducibus,</span> <span class='ocrx_word' id='word_1_38' title='bbox 1039 829 1163 890; x_wconf 77' lang='lat' dir='ltr'>prouen-</span> 
     </span>
     <span class='ocr_line' id='line_1_6' title="bbox 145 905 1165 987; baseline 0.001 -22"><span class='ocrx_word' id='word_1_39' title='bbox 145 906 216 965; x_wconf 80' lang='lat' dir='ltr'>cieri</span> <span class='ocrx_word' id='word_1_40' title='bbox 236 907 335 985; x_wconf 88' lang='lat' dir='ltr'>jussit,</span> <span class='ocrx_word' id='word_1_41' title='bbox 348 907 445 986; x_wconf 85' lang='lat' dir='ltr'>ipsum</span> <span class='ocrx_word' id='word_1_42' title='bbox 456 907 555 967; x_wconf 86' lang='lat' dir='ltr'>omnis</span> <span class='ocrx_word' id='word_1_43' title='bbox 566 927 631 987; x_wconf 82' lang='lat' dir='ltr'>quse</span> <span class='ocrx_word' id='word_1_44' title='bbox 653 908 759 968; x_wconf 62' lang='lat' dir='ltr'>emine</span> <span class='ocrx_word' id='word_1_45' title='bbox 771 913 867 967; x_wconf 69' lang='lat' dir='ltr'>meent</span> <span class='ocrx_word' id='word_1_46' title='bbox 879 905 1062 966; x_wconf 87' lang='lat' dir='ltr'>redditurum</span> <span class='ocrx_word' id='word_1_47' title='bbox 1072 926 1080 982; x_wconf 88' lang='lat'><strong>;</strong></span> <span class='ocrx_word' id='word_1_48' title='bbox 1104 907 1124 936; x_wconf 77' lang='lat'>¹⁴</span> <span class='ocrx_word' id='word_1_49' title='bbox 1132 912 1165 966; x_wconf 84' lang='lat' dir='ltr'>ot</span> 
     </span>
     <span class='ocr_line' id='line_1_7' title="bbox 142 1001 1165 1083; baseline 0.001 -22"><span class='ocrx_word' id='word_1_50' title='bbox 142 1002 284 1080; x_wconf 80' lang='lat' dir='ltr'>promisso</span> <span class='ocrx_word' id='word_1_51' title='bbox 306 1002 377 1063; x_wconf 82' lang='lat' dir='ltr'>fides</span> <span class='ocrx_word' id='word_1_52' title='bbox 401 1002 509 1064; x_wconf 80' lang='lat' dir='ltr'>extitit</span> <span class='ocrx_word' id='word_1_53' title='bbox 552 1001 629 1063; x_wconf 86' lang='lat' dir='ltr'>Nem</span> <span class='ocrx_word' id='word_1_54' title='bbox 651 1002 840 1083; x_wconf 80' lang='lat' dir='ltr'>Sysimithres</span> <span class='ocrx_word' id='word_1_55' title='bbox 860 1001 955 1062; x_wconf 74' lang='lat' dir='ltr'>mults</span> <span class='ocrx_word' id='word_1_56' title='bbox 978 1003 1113 1080; x_wconf 74' lang='lat' dir='ltr'>jumento</span> <span class='ocrx_word' id='word_1_57' title='bbox 1133 1007 1165 1062; x_wconf 81' lang='lat' dir='ltr'>et</span> 
     </span>
     <span class='ocr_line' id='line_1_8' title="bbox 121 1096 1164 1177; baseline 0 -21"><span class='ocrx_word' id='word_1_58' title='bbox 121 1096 314 1172; x_wconf 49' lang='lat' dir='ltr'>,melorum</span> <span class='ocrx_word' id='word_1_59' title='bbox 337 1097 396 1157; x_wconf 90' lang='lat' dir='ltr'>duo</span> <span class='ocrx_word' id='word_1_60' title='bbox 418 1097 513 1156; x_wconf 87' lang='lat' dir='ltr'>millia</span> <span class='ocrx_word' id='word_1_61' title='bbox 534 1097 667 1173; x_wconf 79' lang='lat' dir='ltr'>adduxit,</span> <span class='ocrx_word' id='word_1_62' title='bbox 690 1116 850 1177; x_wconf 71' lang='lat' dir='ltr'>pecoraque</span> <span class='ocrx_word' id='word_1_63' title='bbox 875 1104 907 1156; x_wconf 88' lang='lat' dir='ltr'>et</span> <span class='ocrx_word' id='word_1_64' title='bbox 932 1102 1070 1172; x_wconf 64' lang='lat' dir='ltr'>amenta</span> <span class='ocrx_word' id='word_1_65' title='bbox 1096 1115 1164 1176; x_wconf 75' lang='lat' dir='ltr'>qum</span> 
     </span>
     <span class='ocr_line' id='line_1_9' title="bbox 142 1191 1161 1270; baseline 0.001 -18"><span class='ocrx_word' id='word_1_66' title='bbox 142 1191 310 1268; x_wconf 83' lang='lat' dir='ltr'>distribute,</span> <span class='ocrx_word' id='word_1_67' title='bbox 331 1192 444 1270; x_wconf 77' lang='lat' dir='ltr'>pariter</span> <span class='ocrx_word' id='word_1_68' title='bbox 469 1193 592 1252; x_wconf 85' lang='lat' dir='ltr'>militem</span> <span class='ocrx_word' id='word_1_69' title='bbox 618 1200 649 1252; x_wconf 90' lang='lat' dir='ltr'>et</span> <span class='ocrx_word' id='word_1_70' title='bbox 675 1193 778 1252; x_wconf 83' lang='lat' dir='ltr'>dnmrm</span> <span class='ocrx_word' id='word_1_71' title='bbox 802 1200 834 1252; x_wconf 92' lang='lat' dir='ltr'>et</span> <span class='ocrx_word' id='word_1_72' title='bbox 855 1193 932 1251; x_wconf 76' lang='lat' dir='ltr'>iam</span> <span class='ocrx_word' id='word_1_73' title='bbox 958 1191 1161 1254; x_wconf 67' lang='lat' dir='ltr'>liberaveram.</span> 
     </span>
     <span class='ocr_line' id='line_1_10' title="bbox 142 1285 1163 1365; baseline 0 -20"><span class='ocrx_word' id='word_1_74' title='bbox 142 1285 161 1314; x_wconf 78' lang='lat'>¹⁸</span> <span class='ocrx_word' id='word_1_75' title='bbox 170 1285 239 1346; x_wconf 84' lang='lat' dir='ltr'>Rex</span> <span class='ocrx_word' id='word_1_76' title='bbox 251 1285 378 1365; x_wconf 82' lang='lat' dir='ltr'>gretiam</span> <span class='ocrx_word' id='word_1_77' title='bbox 390 1285 449 1346; x_wconf 84' lang='lat' dir='ltr'>sibi</span> <span class='ocrx_word' id='word_1_78' title='bbox 470 1285 593 1344; x_wconf 80' lang='lat' dir='ltr'>relatam</span> <span class='ocrx_word' id='word_1_79' title='bbox 606 1307 625 1345; x_wconf 78' lang='lat' dir='ltr'>s</span> <span class='ocrx_word' id='word_1_80' title='bbox 637 1285 813 1364; x_wconf 82' lang='lat' dir='ltr'>Sysimithre</span> <span class='ocrx_word' id='word_1_81' title='bbox 825 1286 973 1364; x_wconf 62' lang='lat' dir='ltr'>prosimus,</span> <span class='ocrx_word' id='word_1_82' title='bbox 986 1305 1038 1345; x_wconf 86' lang='lat' dir='ltr'>sex</span> <span class='ocrx_word' id='word_1_83' title='bbox 1051 1285 1163 1345; x_wconf 84' lang='lat' dir='ltr'>dierum</span> 
     </span>
     <span class='ocr_line' id='line_1_11' title="bbox 140 1377 1164 1457; baseline 0.003 -20"><span class='ocrx_word' id='word_1_84' title='bbox 140 1386 222 1438; x_wconf 78' lang='lat' dir='ltr'>cocta</span> <span class='ocrx_word' id='word_1_85' title='bbox 235 1377 345 1439; x_wconf 81' lang='lat' dir='ltr'>ciberis</span> <span class='ocrx_word' id='word_1_86' title='bbox 357 1380 435 1439; x_wconf 85' lang='lat' dir='ltr'>ferre</span> <span class='ocrx_word' id='word_1_87' title='bbox 447 1379 558 1438; x_wconf 76' lang='lat' dir='ltr'>milites</span> <span class='ocrx_word' id='word_1_88' title='bbox 569 1380 667 1457; x_wconf 86' lang='lat' dir='ltr'>jussit,</span> <span class='ocrx_word' id='word_1_89' title='bbox 682 1380 770 1440; x_wconf 81' lang='lat' dir='ltr'>Saces</span> <span class='ocrx_word' id='word_1_90' title='bbox 789 1386 909 1456; x_wconf 88' lang='lat' dir='ltr'>petens:</span> <span class='ocrx_word' id='word_1_91' title='bbox 929 1385 1021 1438; x_wconf 86' lang='lat' dir='ltr'>totam</span> <span class='ocrx_word' id='word_1_92' title='bbox 1032 1379 1106 1438; x_wconf 86' lang='lat' dir='ltr'>hano</span> <span class='ocrx_word' id='word_1_93' title='bbox 1118 1397 1164 1440; x_wconf 87' lang='lat' dir='ltr'>rc·</span> 
     </span>
     <span class='ocr_line' id='line_1_12' title="bbox 140 1472 1164 1554; baseline 0.003 -23"><span class='ocrx_word' id='word_1_94' title='bbox 140 1473 257 1551; x_wconf 54' lang='lat' dir='ltr'>monem</span> <span class='ocrx_word' id='word_1_95' title='bbox 270 1472 474 1550; x_wconf 66' lang='lat' dir='ltr'>depopulatus,</span> <span class='ocrx_word' id='word_1_96' title='bbox 488 1474 610 1554; x_wconf 79' lang='lat' dir='ltr'>triginta</span> <span class='ocrx_word' id='word_1_97' title='bbox 630 1473 725 1533; x_wconf 82' lang='lat' dir='ltr'>millio</span> <span class='ocrx_word' id='word_1_98' title='bbox 746 1491 882 1552; x_wconf 83' lang='lat' dir='ltr'>pecorum</span> <span class='ocrx_word' id='word_1_99' title='bbox 903 1491 940 1533; x_wconf 86' lang='lat' dir='ltr'>ex</span> <span class='ocrx_word' id='word_1_100' title='bbox 960 1472 1061 1552; x_wconf 73' lang='lat' dir='ltr'>praedt</span> <span class='ocrx_word' id='word_1_101' title='bbox 1084 1472 1164 1552; x_wconf 80' lang='lat' dir='ltr'>Sysi-</span> 
     </span>
     <span class='ocr_line' id='line_1_13' title="bbox 142 1566 408 1628; baseline 0.008 -2"><span class='ocrx_word' id='word_1_102' title='bbox 142 1566 246 1628; x_wconf 86' lang='lat' dir='ltr'>mithri</span> <span class='ocrx_word' id='word_1_103' title='bbox 260 1567 336 1626; x_wconf 90' lang='lat' dir='ltr'>dono</span> <span class='ocrx_word' id='word_1_104' title='bbox 349 1567 408 1628; x_wconf 82' lang='lat' dir='ltr'>det.</span> 
     </span>
     <span class='ocr_line' id='line_1_14' title="bbox 208 1661 1163 1746; baseline 0.005 -26"><span class='ocrx_word' id='word_1_105' title='bbox 208 1664 251 1722; x_wconf 82' lang='lat'>16.</span> <span class='ocrx_word' id='word_1_106' title='bbox 272 1661 347 1722; x_wconf 89' lang='lat' dir='ltr'>Inde</span> <span class='ocrx_word' id='word_1_107' title='bbox 372 1663 506 1742; x_wconf 82' lang='lat' dir='ltr'>pervenit</span> <span class='ocrx_word' id='word_1_108' title='bbox 530 1666 561 1724; x_wconf 91' lang='lat' dir='ltr'>in</span> <span class='ocrx_word' id='word_1_109' title='bbox 587 1666 742 1746; x_wconf 63' lang='lat' dir='ltr'>regiona,</span> <span class='ocrx_word' id='word_1_110' title='bbox 775 1665 824 1725; x_wconf 89' lang='lat' dir='ltr'>eui</span> <span class='ocrx_word' id='word_1_111' title='bbox 852 1663 998 1744; x_wconf 73' lang='lat' dir='ltr'>Oxyartes</span> <span class='ocrx_word' id='word_1_112' title='bbox 1024 1663 1163 1742; x_wconf 81' lang='lat' dir='ltr'>Satrapes</span> 
     </span>
     <span class='ocr_line' id='line_1_15' title="bbox 142 1755 1162 1842; baseline 0.004 -26"><span class='ocrx_word' id='word_1_113' title='bbox 142 1755 248 1816; x_wconf 88' lang='lat' dir='ltr'>nobilis</span> <span class='ocrx_word' id='word_1_114' title='bbox 260 1766 391 1836; x_wconf 77' lang='lat' dir='ltr'>praecrct,</span> <span class='ocrx_word' id='word_1_115' title='bbox 403 1760 454 1839; x_wconf 86' lang='lat' dir='ltr'>qni</span> <span class='ocrx_word' id='word_1_116' title='bbox 468 1779 499 1820; x_wconf 85' lang='lat' dir='ltr'>se</span> <span class='ocrx_word' id='word_1_117' title='bbox 512 1761 604 1842; x_wconf 83' lang='lat' dir='ltr'>Regis</span> <span class='ocrx_word' id='word_1_118' title='bbox 625 1761 769 1840; x_wconf 79' lang='lat' dir='ltr'>potestati</span> <span class='ocrx_word' id='word_1_119' title='bbox 786 1761 910 1842; x_wconf 82' lang='lat' dir='ltr'>fideique</span> <span class='ocrx_word' id='word_1_120' title='bbox 923 1759 1064 1839; x_wconf 78' lang='lat' dir='ltr'>permisit.</span> <span class='ocrx_word' id='word_1_121' title='bbox 1104 1759 1162 1820; x_wconf 89' lang='lat' dir='ltr'>Ille</span> 
     </span>
    </p>
   </div>
   <div class='ocr_carea' id='block_1_3' title="bbox 140 1853 1294 1938">
    <p class='ocr_par' dir='ltr' id='par_1_3' title="bbox 140 1853 1294 1938">
     <span class='ocr_line' id='line_1_16' title="bbox 140 1853 1294 1938; baseline 0.005 -26"><span class='ocrx_word' id='word_1_122' title='bbox 140 1853 261 1930; x_wconf 85' lang='lat' dir='ltr'>imperio</span> <span class='ocrx_word' id='word_1_123' title='bbox 284 1855 312 1914; x_wconf 95' lang='lat' dir='ltr'>ei</span> <span class='ocrx_word' id='word_1_124' title='bbox 338 1856 463 1934; x_wconf 88' lang='lat' dir='ltr'>reddito,</span> <span class='ocrx_word' id='word_1_125' title='bbox 488 1857 567 1917; x_wconf 77' lang='lat' dir='ltr'>houd</span> <span class='ocrx_word' id='word_1_126' title='bbox 590 1859 725 1937; x_wconf 83' lang='lat' dir='ltr'>emplids,</span> <span class='ocrx_word' id='word_1_127' title='bbox 752 1860 840 1938; x_wconf 82' lang='lat' dir='ltr'>qntm</span> <span class='ocrx_word' id='word_1_128' title='bbox 864 1865 899 1917; x_wconf 89' lang='lat' dir='ltr'>ut</span> <span class='ocrx_word' id='word_1_129' title='bbox 925 1857 982 1917; x_wconf 85' lang='lat' dir='ltr'>dno</span> <span class='ocrx_word' id='word_1_130' title='bbox 1005 1876 1042 1916; x_wconf 82' lang='lat' dir='ltr'>ex</span> <span class='ocrx_word' id='word_1_131' title='bbox 1064 1855 1162 1917; x_wconf 80' lang='lat' dir='ltr'>tribus</span> <span class='ocrx_word' id='word_1_132' title='bbox 1292 1865 1294 1870; x_wconf 87' lang='grc'><strong>’</strong></span> 
     </span>
    </p>
   </div>
   <div class='ocr_carea' id='block_1_4' title="bbox 111 1949 1162 3927">
    <p class='ocr_par' dir='ltr' id='par_1_4' title="bbox 111 1949 1162 3927">
     <span class='ocr_line' id='line_1_17' title="bbox 140 1949 1161 2033; baseline 0.002 -25"><span class='ocrx_word' id='word_1_133' title='bbox 140 1949 208 2008; x_wconf 81' lang='lat' dir='ltr'>liliis</span> <span class='ocrx_word' id='word_1_134' title='bbox 222 1968 317 2009; x_wconf 90' lang='lat' dir='ltr'>secum</span> <span class='ocrx_word' id='word_1_135' title='bbox 328 1952 498 2028; x_wconf 80' lang='lat' dir='ltr'>militarent,</span> <span class='ocrx_word' id='word_1_136' title='bbox 519 1953 623 2033; x_wconf 84' lang='lat' dir='ltr'>exegit.</span> <span class='ocrx_word' id='word_1_137' title='bbox 665 1953 803 2032; x_wconf 74' lang='lat' dir='ltr'>Satrapes</span> <span class='ocrx_word' id='word_1_138' title='bbox 817 1953 905 2012; x_wconf 79' lang='lat' dir='ltr'>etiam</span> <span class='ocrx_word' id='word_1_139' title='bbox 918 1972 994 2024; x_wconf 89' lang='lat' dir='ltr'>eum,</span> <span class='ocrx_word' id='word_1_140' title='bbox 1007 1951 1058 2030; x_wconf 91' lang='lat' dir='ltr'>qui</span> <span class='ocrx_word' id='word_1_141' title='bbox 1072 1967 1161 2029; x_wconf 83' lang='lat' dir='ltr'>penes</span> 
     </span>
     <span class='ocr_line' id='line_1_18' title="bbox 143 2043 1160 2125; baseline 0.003 -24"><span class='ocrx_word' id='word_1_142' title='bbox 143 2043 238 2121; x_wconf 86' lang='lat' dir='ltr'>ipsum</span> <span class='ocrx_word' id='word_1_143' title='bbox 260 2045 485 2124; x_wconf 78' lang='lat' dir='ltr'>relinquebatur,</span> <span class='ocrx_word' id='word_1_144' title='bbox 509 2048 608 2108; x_wconf 68' lang='lat' dir='ltr'>uadit</span> <span class='ocrx_word' id='word_1_145' title='bbox 650 2047 784 2109; x_wconf 74' lang='lat' dir='ltr'>Barbare</span> <span class='ocrx_word' id='word_1_146' title='bbox 809 2047 957 2125; x_wconf 70' lang='lat' dir='ltr'>opulentis</span> <span class='ocrx_word' id='word_1_147' title='bbox 985 2046 1160 2120; x_wconf 77' lang='lat' dir='ltr'>convivium,</span> 
     </span>
     <span class='ocr_line' id='line_1_19' title="bbox 141 2139 1161 2218; baseline 0.003 -22"><span class='ocrx_word' id='word_1_148' title='bbox 141 2157 197 2216; x_wconf 89' lang='lat' dir='ltr'>qno</span> <span class='ocrx_word' id='word_1_149' title='bbox 222 2139 333 2218; x_wconf 85' lang='lat' dir='ltr'>Regem</span> <span class='ocrx_word' id='word_1_150' title='bbox 354 2141 521 2218; x_wconf 74' lang='lat' dir='ltr'>accipiebat,</span> <span class='ocrx_word' id='word_1_151' title='bbox 542 2143 731 2203; x_wconf 82' lang='lat' dir='ltr'>instruxerct</span> <span class='ocrx_word' id='word_1_152' title='bbox 774 2141 812 2202; x_wconf 90' lang='lat' dir='ltr'>Id</span> <span class='ocrx_word' id='word_1_153' title='bbox 832 2145 896 2200; x_wconf 76' lang='lat' dir='ltr'>cim</span> <span class='ocrx_word' id='word_1_154' title='bbox 915 2141 1011 2200; x_wconf 75' lang='lat' dir='ltr'>multe</span> <span class='ocrx_word' id='word_1_155' title='bbox 1024 2139 1161 2200; x_wconf 79' lang='lat' dir='ltr'>comittte</span> 
     </span>
     <span class='ocr_line' id='line_1_20' title="bbox 141 2232 1161 2316; baseline 0.004 -25"><span class='ocrx_word' id='word_1_156' title='bbox 141 2232 308 2309; x_wconf 80' lang='lat' dir='ltr'>celebraret,</span> <span class='ocrx_word' id='word_1_157' title='bbox 331 2234 476 2294; x_wconf 85' lang='lat' dir='ltr'>introduci</span> <span class='ocrx_word' id='word_1_158' title='bbox 499 2236 623 2316; x_wconf 75' lang='lat' dir='ltr'>triginta</span> <span class='ocrx_word' id='word_1_159' title='bbox 647 2235 762 2297; x_wconf 87' lang='lat' dir='ltr'>nobiles</span> <span class='ocrx_word' id='word_1_160' title='bbox 787 2235 915 2314; x_wconf 81' lang='lat' dir='ltr'>virgines</span> <span class='ocrx_word' id='word_1_161' title='bbox 938 2235 1035 2312; x_wconf 84' lang='lat' dir='ltr'>jussit</span> <span class='ocrx_word' id='word_1_162' title='bbox 1077 2234 1161 2296; x_wconf 84' lang='lat' dir='ltr'>Inter</span> 
     </span>
     <span class='ocr_line' id='line_1_21' title="bbox 140 2328 1162 2407; baseline 0.004 -22"><span class='ocrx_word' id='word_1_163' title='bbox 140 2345 212 2404; x_wconf 80' lang='lat' dir='ltr'>ques</span> <span class='ocrx_word' id='word_1_164' title='bbox 234 2335 298 2386; x_wconf 81' lang='lat' dir='ltr'>eret</span> <span class='ocrx_word' id='word_1_165' title='bbox 317 2328 378 2388; x_wconf 85' lang='lat' dir='ltr'>iilis</span> <span class='ocrx_word' id='word_1_166' title='bbox 399 2329 500 2407; x_wconf 87' lang='lat' dir='ltr'>ipsius,</span> <span class='ocrx_word' id='word_1_167' title='bbox 515 2330 636 2390; x_wconf 76' lang='lat' dir='ltr'>Roxane</span> <span class='ocrx_word' id='word_1_168' title='bbox 657 2330 780 2406; x_wconf 87' lang='lat' dir='ltr'>nomine,</span> <span class='ocrx_word' id='word_1_169' title='bbox 796 2329 903 2388; x_wconf 77' lang='lat' dir='ltr'>eximie</span> <span class='ocrx_word' id='word_1_170' title='bbox 915 2329 1052 2407; x_wconf 88' lang='lat' dir='ltr'>eorporis-</span> <span class='ocrx_word' id='word_1_171' title='bbox 1065 2329 1162 2407; x_wconf 84' lang='lat' dir='ltr'>specie</span> 
     </span>
     <span class='ocr_line' id='line_1_22' title="bbox 141 2423 1161 2504; baseline 0.004 -24"><span class='ocrx_word' id='word_1_172' title='bbox 141 2429 171 2480; x_wconf 89' lang='lat' dir='ltr'>et</span> <span class='ocrx_word' id='word_1_173' title='bbox 185 2423 317 2482; x_wconf 81' lang='lat' dir='ltr'>¹⁸deoore</span> <span class='ocrx_word' id='word_1_174' title='bbox 339 2424 461 2484; x_wconf 75' lang='lat' dir='ltr'>habitis</span> <span class='ocrx_word' id='word_1_175' title='bbox 484 2425 516 2483; x_wconf 91' lang='lat' dir='ltr'>in</span> <span class='ocrx_word' id='word_1_176' title='bbox 539 2425 679 2486; x_wconf 82' lang='lat' dir='ltr'>Borbcris</span> <span class='ocrx_word' id='word_1_177' title='bbox 691 2443 764 2485; x_wconf 82' lang='lat' dir='ltr'>rere</span> <span class='ocrx_word' id='word_1_178' title='bbox 807 2423 888 2500; x_wconf 78' lang='lat' dir='ltr'>Quae,</span> <span class='ocrx_word' id='word_1_179' title='bbox 901 2426 1064 2504; x_wconf 74' lang='lat' dir='ltr'>qumquem</span> <span class='ocrx_word' id='word_1_180' title='bbox 1083 2424 1161 2485; x_wconf 88' lang='lat' dir='ltr'>iuter</span> 
     </span>
     <span class='ocr_line' id='line_1_23' title="bbox 141 2516 1158 2596; baseline 0.003 -21"><span class='ocrx_word' id='word_1_181' title='bbox 141 2516 247 2578; x_wconf 91' lang='lat' dir='ltr'>electas</span> <span class='ocrx_word' id='word_1_182' title='bbox 273 2526 461 2596; x_wconf 77' lang='lat' dir='ltr'>processerat,</span> <span class='ocrx_word' id='word_1_183' title='bbox 489 2520 619 2580; x_wconf 89' lang='lat' dir='ltr'>omnium</span> <span class='ocrx_word' id='word_1_184' title='bbox 646 2527 744 2579; x_wconf 82' lang='lat' dir='ltr'>tamen</span> <span class='ocrx_word' id='word_1_185' title='bbox 770 2519 867 2580; x_wconf 87' lang='lat' dir='ltr'>oeulos</span> <span class='ocrx_word' id='word_1_186' title='bbox 892 2519 1035 2580; x_wconf 83' lang='lat' dir='ltr'>convertit</span> <span class='ocrx_word' id='word_1_187' title='bbox 1060 2519 1091 2578; x_wconf 90' lang='lat' dir='ltr'>in</span> <span class='ocrx_word' id='word_1_188' title='bbox 1118 2537 1158 2596; x_wconf 89' lang='lat' dir='ltr'>se,</span> 
     </span>
     <span class='ocr_line' id='line_1_24' title="bbox 142 2611 1160 2694; baseline 0.004 -24"><span class='ocrx_word' id='word_1_189' title='bbox 142 2614 268 2672; x_wconf 76' lang='lat' dir='ltr'>muime</span> <span class='ocrx_word' id='word_1_190' title='bbox 294 2614 396 2693; x_wconf 84' lang='lat' dir='ltr'>Regis,</span> <span class='ocrx_word' id='word_1_191' title='bbox 426 2615 552 2684; x_wconf 75' lang='lat' dir='ltr'>”mimis</span> <span class='ocrx_word' id='word_1_192' title='bbox 581 2617 643 2692; x_wconf 84' lang='lat' dir='ltr'>jem</span> <span class='ocrx_word' id='word_1_193' title='bbox 669 2614 877 2694; x_wconf 70' lang='lat' dir='ltr'>cupiditatibus</span> <span class='ocrx_word' id='word_1_194' title='bbox 903 2615 964 2676; x_wconf 88' lang='lat' dir='ltr'>suis</span> <span class='ocrx_word' id='word_1_195' title='bbox 989 2611 1160 2694; x_wconf 83' lang='lat' dir='ltr'>imperantis</span> 
     </span>
     <span class='ocr_line' id='line_1_25' title="bbox 111 2701 1159 2791; baseline 0.004 -25"><span class='ocrx_word' id='word_1_196' title='bbox 111 2701 117 2711; x_wconf 86' lang='lat'>&#39;</span> <span class='ocrx_word' id='word_1_197' title='bbox 140 2706 216 2768; x_wconf 89' lang='lat' dir='ltr'>iuter</span> <span class='ocrx_word' id='word_1_198' title='bbox 239 2709 376 2789; x_wconf 85' lang='lat' dir='ltr'>obsequia</span> <span class='ocrx_word' id='word_1_199' title='bbox 400 2710 537 2786; x_wconf 72' lang='lat' dir='ltr'>fortunae,</span> <span class='ocrx_word' id='word_1_200' title='bbox 561 2719 769 2791; x_wconf 76' lang='lat' dir='ltr'>contraquam</span> <span class='ocrx_word' id='word_1_201' title='bbox 793 2729 852 2770; x_wconf 90' lang='lat' dir='ltr'>non</span> <span class='ocrx_word' id='word_1_202' title='bbox 878 2711 952 2770; x_wconf 83' lang='lat' dir='ltr'>sctis</span> <span class='ocrx_word' id='word_1_203' title='bbox 974 2718 1059 2770; x_wconf 77' lang='lat' dir='ltr'>eruta</span> <span class='ocrx_word' id='word_1_204' title='bbox 1084 2729 1159 2770; x_wconf 88' lang='lat' dir='ltr'>mor·</span> 
     </span>
     <span class='ocr_line' id='line_1_26' title="bbox 141 2803 1158 2885; baseline 0.006 -25"><span class='ocrx_word' id='word_1_205' title='bbox 141 2803 242 2862; x_wconf 82' lang='lat' dir='ltr'>talitss</span> <span class='ocrx_word' id='word_1_206' title='bbox 255 2810 308 2864; x_wconf 89' lang='lat' dir='ltr'>est.</span> <span class='ocrx_word' id='word_1_207' title='bbox 349 2803 453 2884; x_wconf 76' lang='lat' dir='ltr'>Itaque</span> <span class='ocrx_word' id='word_1_208' title='bbox 474 2805 535 2881; x_wconf 87' lang='lat' dir='ltr'>ille,</span> <span class='ocrx_word' id='word_1_209' title='bbox 548 2806 599 2885; x_wconf 88' lang='lat' dir='ltr'>qni</span> <span class='ocrx_word' id='word_1_210' title='bbox 621 2825 741 2866; x_wconf 85' lang='lat' dir='ltr'>uxorem</span> <span class='ocrx_word' id='word_1_211' title='bbox 754 2805 848 2880; x_wconf 84' lang='lat' dir='ltr'>Derii,</span> <span class='ocrx_word' id='word_1_212' title='bbox 861 2805 912 2883; x_wconf 88' lang='lat' dir='ltr'>qui</span> <span class='ocrx_word' id='word_1_213' title='bbox 932 2805 1003 2864; x_wconf 80' lang='lat' dir='ltr'>dues</span> <span class='ocrx_word' id='word_1_214' title='bbox 1016 2804 1091 2864; x_wconf 73' lang='lat' dir='ltr'>lilius</span> <span class='ocrx_word' id='word_1_215' title='bbox 1102 2806 1158 2866; x_wconf 81' lang='lat' dir='ltr'>vir-</span> 
     </span>
     <span class='ocr_line' id='line_1_27' title="bbox 141 2897 1157 2978; baseline 0.004 -24"><span class='ocrx_word' id='word_1_216' title='bbox 141 2897 234 2974; x_wconf 82' lang='lat' dir='ltr'>gines,</span> <span class='ocrx_word' id='word_1_217' title='bbox 248 2897 356 2974; x_wconf 89' lang='lat' dir='ltr'>quibus</span> <span class='ocrx_word' id='word_1_218' title='bbox 365 2899 459 2958; x_wconf 71' lang='lat' dir='ltr'>forme</span> <span class='ocrx_word' id='word_1_219' title='bbox 472 2908 579 2978; x_wconf 79' lang='lat' dir='ltr'>prseter-</span> <span class='ocrx_word' id='word_1_220' title='bbox 599 2902 752 2961; x_wconf 82' lang='lat' dir='ltr'>Roxanem</span> <span class='ocrx_word' id='word_1_221' title='bbox 770 2899 929 2978; x_wconf 85' lang='lat' dir='ltr'>compercri</span> <span class='ocrx_word' id='word_1_222' title='bbox 941 2899 1021 2959; x_wconf 87' lang='lat' dir='ltr'>nulle</span> <span class='ocrx_word' id='word_1_223' title='bbox 1032 2907 1157 2978; x_wconf 76' lang='lat' dir='ltr'>poteret,</span> 
     </span>
     <span class='ocr_line' id='line_1_28' title="bbox 140 2990 1158 3073; baseline 0.008 -25"><span class='ocrx_word' id='word_1_224' title='bbox 140 2990 220 3049; x_wconf 83' lang='lat' dir='ltr'>beud</span> <span class='ocrx_word' id='word_1_225' title='bbox 241 2991 299 3049; x_wconf 76' lang='lat' dir='ltr'>elio</span> <span class='ocrx_word' id='word_1_226' title='bbox 313 2992 409 3051; x_wconf 84' lang='lat' dir='ltr'>enimc</span> <span class='ocrx_word' id='word_1_227' title='bbox 420 2997 509 3071; x_wconf 74' lang='lat' dir='ltr'>quim</span> <span class='ocrx_word' id='word_1_228' title='bbox 528 2996 659 3069; x_wconf 75' lang='lat' dir='ltr'>parentis</span> <span class='ocrx_word' id='word_1_229' title='bbox 672 3001 840 3073; x_wconf 80' lang='lat' dir='ltr'>aspexerct;</span> <span class='ocrx_word' id='word_1_230' title='bbox 862 2993 960 3053; x_wconf 86' lang='lat' dir='ltr'>¹¹tuno</span> <span class='ocrx_word' id='word_1_231' title='bbox 980 2995 1012 3054; x_wconf 91' lang='lat' dir='ltr'>in</span> <span class='ocrx_word' id='word_1_232' title='bbox 1031 3015 1158 3056; x_wconf 78' lang='lat' dir='ltr'>amorem</span> 
     </span>
     <span class='ocr_line' id='line_1_29' title="bbox 140 3087 1157 3170; baseline 0.006 -24"><span class='ocrx_word' id='word_1_233' title='bbox 140 3087 329 3166; x_wconf 78' lang='lat' dir='ltr'>virgunculoe,</span> <span class='ocrx_word' id='word_1_234' title='bbox 343 3087 370 3146; x_wconf 90' lang='lat' dir='ltr'>si</span> <span class='ocrx_word' id='word_1_235' title='bbox 382 3088 471 3168; x_wconf 79' lang='lat' dir='ltr'>regim</span> <span class='ocrx_word' id='word_1_236' title='bbox 483 3090 568 3168; x_wconf 87' lang='lat' dir='ltr'>stirpi</span> <span class='ocrx_word' id='word_1_237' title='bbox 587 3097 814 3168; x_wconf 82' lang='lat' dir='ltr'>compararetur,</span> <span class='ocrx_word' id='word_1_238' title='bbox 834 3089 979 3170; x_wconf 79' lang='lat' dir='ltr'>ignobilis,</span> <span class='ocrx_word' id='word_1_239' title='bbox 992 3091 1036 3150; x_wconf 83' lang='lat' dir='ltr'>itd</span> <span class='ocrx_word' id='word_1_240' title='bbox 1049 3093 1157 3153; x_wconf 80' lang='lat' dir='ltr'>effimus</span> 
     </span>
     <span class='ocr_line' id='line_1_30' title="bbox 139 3182 1157 3265; baseline 0.004 -23"><span class='ocrx_word' id='word_1_241' title='bbox 139 3189 194 3258; x_wconf 89' lang='lat' dir='ltr'>cst,</span> <span class='ocrx_word' id='word_1_242' title='bbox 208 3190 242 3240; x_wconf 91' lang='lat' dir='ltr'>ut</span> <span class='ocrx_word' id='word_1_243' title='bbox 264 3182 383 3258; x_wconf 86' lang='lat' dir='ltr'>diceret,</span> <span class='ocrx_word' id='word_1_244' title='bbox 397 3184 435 3243; x_wconf 86' lang='lat' dir='ltr'>ed</span> <span class='ocrx_word' id='word_1_245' title='bbox 457 3184 665 3245; x_wconf 82' lang='lat' dir='ltr'>stabiliendum</span> <span class='ocrx_word' id='word_1_246' title='bbox 685 3203 807 3265; x_wconf 81' lang='lat' dir='ltr'>regnum</span> <span class='ocrx_word' id='word_1_247' title='bbox 825 3185 977 3264; x_wconf 86' lang='lat' dir='ltr'>pertinere,</span> <span class='ocrx_word' id='word_1_248' title='bbox 1000 3187 1106 3248; x_wconf 85' lang='lat' dir='ltr'>Perses</span> <span class='ocrx_word' id='word_1_249' title='bbox 1125 3195 1157 3247; x_wconf 93' lang='lat' dir='ltr'>et</span> 
     </span>
     <span class='ocr_line' id='line_1_31' title="bbox 140 3276 1154 3360; baseline 0.002 -22"><span class='ocrx_word' id='word_1_250' title='bbox 140 3276 317 3338; x_wconf 71' lang='lat' dir='ltr'>Macedonas</span> <span class='ocrx_word' id='word_1_251' title='bbox 340 3277 483 3339; x_wconf 85' lang='lat' dir='ltr'>connubio</span> <span class='ocrx_word' id='word_1_252' title='bbox 500 3280 602 3360; x_wconf 77' lang='lat' dir='ltr'>jungi:</span> <span class='ocrx_word' id='word_1_253' title='bbox 623 3279 678 3339; x_wconf 88' lang='lat' dir='ltr'>hoe</span> <span class='ocrx_word' id='word_1_254' title='bbox 690 3280 843 3340; x_wconf 89' lang='lat' dir='ltr'>unomodo</span> <span class='ocrx_word' id='word_1_255' title='bbox 856 3288 887 3340; x_wconf 91' lang='lat' dir='ltr'>et</span> <span class='ocrx_word' id='word_1_256' title='bbox 907 3282 1046 3360; x_wconf 88' lang='lat' dir='ltr'>pudorem</span> <span class='ocrx_word' id='word_1_257' title='bbox 1059 3283 1154 3356; x_wconf 83' lang='lat' dir='ltr'>victis,</span> 
     </span>
     <span class='ocr_line' id='line_1_32' title="bbox 138 3373 1156 3456; baseline 0.002 -24"><span class='ocrx_word' id='word_1_258' title='bbox 138 3379 171 3432; x_wconf 86' lang='lat' dir='ltr'>et</span> <span class='ocrx_word' id='word_1_259' title='bbox 196 3373 357 3452; x_wconf 70' lang='lat' dir='ltr'>superbiam</span> <span class='ocrx_word' id='word_1_260' title='bbox 378 3373 537 3436; x_wconf 86' lang='lat' dir='ltr'>victoribus</span> <span class='ocrx_word' id='word_1_261' title='bbox 563 3375 677 3435; x_wconf 66' lang='lat' dir='ltr'>deuehi</span> <span class='ocrx_word' id='word_1_262' title='bbox 702 3393 802 3454; x_wconf 88' lang='lat' dir='ltr'>posse:</span> <span class='ocrx_word' id='word_1_263' title='bbox 830 3375 975 3436; x_wconf 79' lang='lat' dir='ltr'>Achillem</span> <span class='ocrx_word' id='word_1_264' title='bbox 996 3393 1156 3456; x_wconf 81' lang='lat' dir='ltr'>quoque,s</span> 
     </span>
     <span class='ocr_line' id='line_1_33' title="bbox 139 3468 1155 3550; baseline 0.003 -25"><span class='ocrx_word' id='word_1_265' title='bbox 139 3485 197 3546; x_wconf 88' lang='lat' dir='ltr'>quo</span> <span class='ocrx_word' id='word_1_266' title='bbox 209 3487 300 3547; x_wconf 84' lang='lat' dir='ltr'>genus</span> <span class='ocrx_word' id='word_1_267' title='bbox 312 3468 375 3547; x_wconf 88' lang='lat' dir='ltr'>ipse</span> <span class='ocrx_word' id='word_1_268' title='bbox 388 3469 550 3547; x_wconf 84' lang='lat' dir='ltr'>deduceret,</span> <span class='ocrx_word' id='word_1_269' title='bbox 559 3489 624 3530; x_wconf 89' lang='lat' dir='ltr'>eum</span> <span class='ocrx_word' id='word_1_270' title='bbox 634 3475 748 3550; x_wconf 74' lang='lat' dir='ltr'>eaptivt</span> <span class='ocrx_word' id='word_1_271' title='bbox 757 3477 857 3534; x_wconf 83' lang='lat' dir='ltr'>coisse</span> <span class='ocrx_word' id='word_1_272' title='bbox 898 3471 928 3531; x_wconf 86' lang='lat' dir='ltr'>N</span> <span class='ocrx_word' id='word_1_273' title='bbox 931 3491 948 3530; x_wconf 89' lang='lat' dir='ltr'>e</span> <span class='ocrx_word' id='word_1_274' title='bbox 957 3471 1061 3529; x_wconf 80' lang='lat' dir='ltr'>inferri</span> <span class='ocrx_word' id='word_1_275' title='bbox 1073 3470 1155 3528; x_wconf 83' lang='lat' dir='ltr'>nefas</span> 
     </span>
     <span class='ocr_line' id='line_1_34' title="bbox 139 3561 1154 3645; baseline 0.002 -23"><span class='ocrx_word' id='word_1_276' title='bbox 139 3561 360 3638; x_wconf 78' lang='lat' dir='ltr'>arbitrarentur,</span> <span class='ocrx_word' id='word_1_277' title='bbox 385 3565 461 3624; x_wconf 70' lang='lat' dir='ltr'>”ite</span> <span class='ocrx_word' id='word_1_278' title='bbox 483 3565 663 3626; x_wconf 90' lang='lat' dir='ltr'>matrimonii</span> <span class='ocrx_word' id='word_1_279' title='bbox 682 3568 748 3645; x_wconf 86' lang='lat' dir='ltr'>jure</span> <span class='ocrx_word' id='word_1_280' title='bbox 770 3567 846 3628; x_wconf 80' lang='lat' dir='ltr'>velle</span> <span class='ocrx_word' id='word_1_281' title='bbox 863 3565 956 3643; x_wconf 81' lang='lat' dir='ltr'>jungi</span> <span class='ocrx_word' id='word_1_282' title='bbox 1002 3563 1154 3640; x_wconf 71' lang='lat' dir='ltr'>Insperato</span> 
     </span>
     <span class='ocr_line' id='line_1_35' title="bbox 138 3657 1154 3740; baseline 0.002 -24"><span class='ocrx_word' id='word_1_283' title='bbox 138 3657 243 3735; x_wconf 79' lang='lat' dir='ltr'>gaudio</span> <span class='ocrx_word' id='word_1_284' title='bbox 270 3657 356 3718; x_wconf 89' lang='lat' dir='ltr'>laetus</span> <span class='ocrx_word' id='word_1_285' title='bbox 379 3667 472 3737; x_wconf 82' lang='lat' dir='ltr'>peter,</span> <span class='ocrx_word' id='word_1_286' title='bbox 497 3679 657 3722; x_wconf 88' lang='lat' dir='ltr'>sermonem</span> <span class='ocrx_word' id='word_1_287' title='bbox 681 3665 744 3740; x_wconf 86' lang='lat' dir='ltr'>ejus</span> <span class='ocrx_word' id='word_1_288' title='bbox 764 3661 889 3737; x_wconf 84' lang='lat' dir='ltr'>excepit:</span> <span class='ocrx_word' id='word_1_289' title='bbox 920 3665 951 3716; x_wconf 92' lang='lat' dir='ltr'>et</span> <span class='ocrx_word' id='word_1_290' title='bbox 973 3657 1041 3715; x_wconf 87' lang='lat' dir='ltr'>Rex</span> <span class='ocrx_word' id='word_1_291' title='bbox 1060 3657 1154 3718; x_wconf 86' lang='lat' dir='ltr'>medio</span> 
     </span>
     <span class='ocr_line' id='line_1_36' title="bbox 139 3751 1154 3836; baseline 0.003 -25"><span class='ocrx_word' id='word_1_292' title='bbox 139 3753 307 3829; x_wconf 73' lang='lat' dir='ltr'>cupiditatis</span> <span class='ocrx_word' id='word_1_293' title='bbox 321 3753 424 3813; x_wconf 84' lang='lat' dir='ltr'>ardore</span> <span class='ocrx_word' id='word_1_294' title='bbox 444 3757 532 3832; x_wconf 87' lang='lat' dir='ltr'>jussit</span> <span class='ocrx_word' id='word_1_295' title='bbox 555 3757 653 3817; x_wconf 80' lang='lat' dir='ltr'>afferri</span> <span class='ocrx_word' id='word_1_296' title='bbox 673 3757 770 3836; x_wconf 74' lang='lat' dir='ltr'>patrio</span> <span class='ocrx_word' id='word_1_297' title='bbox 782 3773 861 3814; x_wconf 90' lang='lat' dir='ltr'>more</span> <span class='ocrx_word' id='word_1_298' title='bbox 880 3770 992 3830; x_wconf 80' lang='lat' dir='ltr'>penem,</span> <span class='ocrx_word' id='word_1_299' title='bbox 1006 3751 1072 3828; x_wconf 86' lang='lat' dir='ltr'>(hoo</span> <span class='ocrx_word' id='word_1_300' title='bbox 1091 3761 1154 3814; x_wconf 85' lang='lat' dir='ltr'>eret</span> 
     </span>
     <span class='ocr_line' id='line_1_37' title="bbox 138 3846 1154 3927; baseline 0.006 -21"><span class='ocrx_word' id='word_1_301' title='bbox 138 3846 214 3924; x_wconf 84' lang='lat' dir='ltr'>epud</span> <span class='ocrx_word' id='word_1_302' title='bbox 235 3847 411 3910; x_wconf 79' lang='lat' dir='ltr'>Macedones</span> <span class='ocrx_word' id='word_1_303' title='bbox 432 3851 645 3912; x_wconf 84' lang='lat' dir='ltr'>sanctissimum</span> <span class='ocrx_word' id='word_1_304' title='bbox 658 3848 824 3910; x_wconf 76' lang='lat' dir='ltr'>meuntium</span> <span class='ocrx_word' id='word_1_305' title='bbox 846 3846 963 3927; x_wconf 76' lang='lat' dir='ltr'>pignus)</span> <span class='ocrx_word' id='word_1_306' title='bbox 975 3865 1062 3927; x_wconf 79' lang='lat' dir='ltr'>quern</span> <span class='ocrx_word' id='word_1_307' title='bbox 1081 3848 1154 3912; x_wconf 79' lang='lat' dir='ltr'>disi·</span> 
     </span>
    </p>
   </div>
   <div class='ocr_carea' id='block_1_5' title="bbox 0 0 1326 4386">
    <p class='ocr_par' dir='ltr' id='par_1_5' title="bbox 0 0 1326 4386">
     <span class='ocr_line' id='line_1_38' title="bbox 0 0 1326 4386; baseline 0 2"><span class='ocrx_word' id='word_1_308' title='bbox 0 0 1326 4386; x_wconf 95' lang='lat' dir='ltr'> </span> 
     </span>
    </p>
   </div>
  </div>
 </body>
</html>
