2600 4394
180 373 220 432 34
516 385 667 434 ourani
700 387 846 428 cuarrr

187 529 256 606 jura
268 523 445 600 servaverim
467 530 564 586 nmen
578 526 604 586 si
618 525 733 586 veneris
753 525 884 604 supplex,
897 533 928 585 et
939 531 1068 604 matram,
1081 533 1114 587 et
1127 547 1192 588 oon

187 625 298 699 jugem,
312 627 342 680 et
361 619 475 696 liberos,
489 619 551 680 sine
575 621 671 699 pretio
692 629 877 699 recepturum
900 627 931 680 ts
954 639 1017 682 esse
1040 624 1197 699 promitto.

182 717 225 776 Et
239 717 361 790 vincere,
377 721 407 773 et
421 716 440 743 ¹⁶
450 715 600 776 consulere
613 715 700 776 vietis
721 717 788 775 saio.
832 711 918 786 Qubd
930 717 958 776 si
971 723 1001 776 te
1014 717 1097 777 nobis
1118 737 1200 778 oom-

178 811 295 870 mittere
310 810 404 883 times,
419 809 554 869 dabimus
567 809 654 868 fidem
676 809 794 886 impune
809 817 973 868 venturum.
1015 809 1060 869 De
1076 819 1198 887 eaetero,

179 907 246 964 edm
268 905 339 962 mihi
361 904 477 978 scribes,
493 905 511 932 ¹⁷
519 911 662 965 memento
682 923 741 964 non
761 901 855 964 soldm
878 905 955 984 Regi
976 911 1014 979 te,
1029 905 1081 964 sed
1103 907 1198 966 etiam

178 1007 238 1070 tuo,
266 1000 419 1060 scribere.”
461 999 512 1058 Ad
540 999 614 1057 hano
641 999 843 1076 perferendam
871 999 1047 1077 Thersippus
1075 1001 1195 1060 missus.

179 1095 197 1124 ¹³
206 1095 274 1172 lpse
289 1095 319 1152 in
333 1093 502 1154 Phoenicem
517 1093 622 1152 deinde
638 1093 798 1168 descendit,
808 1100 840 1151 et
853 1093 990 1172 oppidum
1004 1093 1121 1172 Byblon
1136 1104 1195 1154 tra·

179 1189 274 1248 ditum
287 1189 405 1265 recepit.

238 1288 264 1342 3.
286 1283 409 1342 indeed
424 1283 443 1312 ¹⁸
454 1281 563 1344 Sidona
572 1289 691 1342 ventum
705 1289 758 1356 est,
772 1282 875 1342 urbem
888 1289 1043 1357 vetustate,
1055 1283 1194 1362 famaque

177 1379 360 1438 conditorum
380 1375 526 1454 inclytam.
569 1376 722 1456 Regnabat
736 1377 767 1434 in
781 1396 815 1436 ea
828 1376 937 1450 Strato,
955 1377 975 1406 ²⁰
984 1376 1066 1435 Darii
1086 1378 1193 1454 opibus

178 1473 311 1551 adjutus;
333 1472 384 1531 sed
403 1463 472 1550 quia'
492 1471 668 1530 deditionem
689 1471 781 1548 magis
802 1471 993 1548 popularium,
1021 1473 1110 1550 quim
1132 1477 1188 1532 aaa

180 1576 291 1646 sponte,
306 1568 422 1638 fecerat,
437 1584 523 1643 regno
537 1565 618 1624 visus
638 1566 782 1644 indignus,
798 1565 1057 1644 Hephaestionique
1071 1568 1191 1643 permis·

178 1681 251 1734 sum,
263 1668 393 1738 utquam
407 1659 426 1686 ²¹
436 1678 469 1716 eo
480 1659 596 1736 fastigio
607 1678 623 1716 e
635 1659 762 1718 Sidoniis
777 1659 976 1738 dignissimum
987 1661 1202 1738 arbitraretur„

178 1755 368 1814 constitueret
396 1752 515 1829 Regem.
569 1751 664 1810 Erant
695 1752 898 1831 Hephaestioni
924 1755 1089 1832 ”hospites
1116 1755 1190 1814 olari

177 1851 253 1908 inter
267 1867 335 1908 suos
356 1849 487 1924 juvenes,
502 1845 553 1924 qui
566 1846 644 1904 faeta
657 1847 729 1924 ipsis
750 1855 893 1924 potestate
914 1849 1062 1928 regnandi,
1076 1850 1188 1930 ''nega

176 1952 281 2006 verunt
293 1961 464 2022 quemquam
478 1939 574 2018 patrio
589 1959 668 2000 more
679 1941 708 1999 in
719 1941 750 2000 id
764 1943 911 2022 fastigium
925 1943 1024 2020 reeipi,
1036 1945 1093 2003 nisi
1107 1945 1188 2025 regib

177 2040 267 2116 stirpe
294 2045 399 2097 ortum.
441 2035 615 2094 Admiratus
644 2037 815 2114 Hephaestio
844 2038 1072 2114 magnitudinem
1098 2041 1187 2099 animi

177 2135 346 2214 spernentis,
370 2131 448 2212 quod
472 2131 523 2190 alii
546 2151 599 2209 per
622 2131 702 2219 ignes
726 2132 890 2210 ferrumque
914 2141 1064 2212 peterent:
1095 2134 1186 2193 “Vos

175 2232 291 2312 quidem
305 2230 325 2259 ²⁴
334 2229 421 2290 macti
433 2229 570 2305 virtute,”
585 2229 689 2307 inquit,
706 2232 722 2261 “
735 2235 835 2302 estote,
850 2229 901 2306 qui
921 2229 1007 2306 primi
1027 2229 1184 2290 intellexis-

176 2329 225 2404 tis,
239 2329 347 2406 quantb
361 2329 454 2404 majus
465 2332 542 2384 esset
557 2345 677 2404 regnum
691 2324 832 2398 fastidire,
843 2325 931 2402 quim
945 2325 1082 2402 accipere.
1126 2325 1184 2385 (lae

175 2427 272 2481 terrim
287 2422 354 2479 date
368 2422 495 2500 aliquem
508 2420 595 2496 regiae
609 2421 717 2497 stirpis,
729 2421 779 2497 qui
793 2420 957 2478 meminerit
967 2439 984 2477 a
994 2420 1077 2480 vobis
1091 2439 1183 2498 accep

175 2525 239 2576 tam
263 2516 369 2574 habere
392 2534 423 2573 se
445 2515 595 2591 regnum.”
637 2515 681 2572 At
704 2515 764 2572 illis
788 2515 855 2572 crim
878 2515 985 2574 multos
1008 2515 1183 2574 ”imminere

175 2619 265 2672 tantae
279 2609 341 2688 spei
356 2616 516 2682 cernerent,
532 2608 654 2687 singulis
669 2609 825 2668 amicorum
840 2609 1002 2668 Alexandri
1016 2611 1052 2670 ob
1066 2611 1182 2670 nimiam

174 2706 255 2784 regni
267 2704 455 2784 cupiditatem
467 2703 628 2778 adulantes,
640 2710 772 2762 statuunt
783 2705 924 2764 neminem
935 2724 998 2764 esse
1009 2705 1181 2783 ²⁶potiorem,
1281 2767 1282 2774 ,

173 2804 262 2882 qualm
278 2801 514 2880 Abdalonymum
529 2799 689 2878 quemdam,
703 2799 790 2878 longh
803 2800 923 2878 quidem
937 2801 1105 2877 cognatione
1120 2803 1181 2860 stir-

173 2898 204 2976 pi
218 2897 307 2975 regias
321 2917 472 2974 annexum,
484 2895 535 2956 sed
549 2895 587 2956 ob
597 2894 723 2973 inopiam
737 2895 933 2955 suburbanum
947 2895 1063 2954 hortum
1077 2897 1182 2974 exigna
1281 2927 1282 2974 q

173 2991 315 3051 colentem
329 2991 411 3069 stipe.
456 2991 551 3053 Causa
562 2992 589 3051 ei
601 2991 788 3070 paupertatis,
801 2991 875 3049 siout
888 2990 1042 3069 plerisque,
1053 2992 1182 3068 probitas
1281 3027 1282 3048 2

174 3093 252 3161 erat;
275 3085 460 3166 intentusque
474 3087 553 3164 operi
567 3087 680 3162 diurne,
693 3086 848 3163 strepitum
862 3105 1015 3160 armorum,
1026 3086 1077 3165 qui
1091 3093 1182 3146 totam

174 3179 277 3240 Asiam
291 3189 483 3257 concusserat,
498 3183 519 3212 ²¹
528 3201 585 3241 non
604 3182 787 3242 exaudiebat.

233 3277 258 3334 4.
280 3273 300 3303 ²⁸
311 3273 415 3336 Subitb
436 3276 550 3354 deinde,
564 3278 600 3336 de
614 3279 719 3358 quibus
733 3277 801 3335 autb
823 3276 934 3334 dietum
948 3281 1001 3349 est,
1015 3295 1081 3334 eum
1094 3275 1183 3353 regiae

176 3370 266 3431 vestis
280 3369 441 3448 insignibus
464 3370 582 3430 hortum
595 3372 713 3449 intrant,
726 3373 745 3402 ²⁹
755 3389 839 3450 quem
853 3372 937 3444 forte,
952 3370 1066 3430 steriles
1079 3370 1181 3430 herhas

121 3491 124 3498 ·
173 3465 292 3546 eligens,
308 3463 531 3544 Abdalonymus
552 3466 736 3546 repurgabat.
779 3465 861 3525 Tunc
884 3465 965 3542 Rege
988 3483 1023 3524 eo
1045 3465 1180 3538 salutato,

172 3559 247 3622 alter
261 3581 298 3621 ex
311 3561 374 3621 his:
395 3561 441 3596 '⁰⁸‘
453 3559 607 3640 Habitus,”
622 3561 726 3639 inquit,
741 3565 759 3595 “
768 3560 815 3619 hio
828 3561 918 3620 vestis
938 3579 1024 3638 quem
1043 3559 1137 3618 cernis
1151 3559 1181 3618 in

172 3655 244 3714 meis
257 3657 398 3734 manibus,
410 3675 475 3716 eum
489 3655 546 3714 isto
558 3655 691 3734 squalore
704 3656 913 3733 permutandus
924 3654 978 3713 tibi
989 3663 1040 3713 est.
1083 3653 1180 3712 Ablue

173 3769 285 3827 eorpus,
308 3751 419 3828 illuvie,
444 3759 586 3830 terraeque
614 3750 748 3810 sordibus
773 3749 944 3828 squalidum.
987 3747 1065 3826 Cape
1090 3747 1180 3825 Regis

173 3845 309 3921 animum,
324 3855 353 3906 et
373 3847 403 3906 in
426 3867 488 3906 eam
510 3847 737 3924 fortunam,an
759 3845 864 3922 dignus
879 3863 917 3920 es,
931 3845 1017 3904 istam
1038 3843 1181 3903 contineu-
