<?xml version="1.0" encoding="UTF-8"?>
<!DOCTYPE html PUBLIC "-//W3C//DTD XHTML 1.0 Transitional//EN"
    "http://www.w3.org/TR/xhtml1/DTD/xhtml1-transitional.dtd">
<html xmlns="http://www.w3.org/1999/xhtml" xml:lang="en" lang="en">
 <head>
  <title>
</title>
<meta http-equiv="Content-Type" content="text/html;charset=utf-8" />
  <meta name='ocr-system' content='tesseract 3.04.00' />
  <meta name='ocr-capabilities' content='ocr_page ocr_carea ocr_par ocr_line ocrx_word'/>
</head>
<body>
  <div class='ocr_page' id='page_1' title='image "./quintuscurtiusr00cellgoog_0243.png"; bbox 0 0 2622 4382; ppageno 0'>
   <div class='ocr_carea' id='block_1_1' title="bbox 157 311 815 376">
    <p class='ocr_par' dir='ltr' id='par_1_1' title="bbox 157 311 815 376">
     <span class='ocr_line' id='line_1_1' title="bbox 157 311 815 376; baseline -0.012 -4"><span class='ocrx_word' id='word_1_1' title='bbox 157 311 219 372; x_wconf 64' lang='lat' dir='ltr'>M</span> <span class='ocrx_word' id='word_1_2' title='bbox 506 323 647 376; x_wconf 73' lang='lat' dir='ltr'><strong>eninr</strong></span> <span class='ocrx_word' id='word_1_3' title='bbox 674 323 815 366; x_wconf 71' lang='lat' dir='ltr'><strong>curru</strong></span> 
     </span>
    </p>
   </div>
   <div class='ocr_carea' id='block_1_2' title="bbox 156 461 1185 1396">
    <p class='ocr_par' dir='ltr' id='par_1_2' title="bbox 156 461 1185 1396">
     <span class='ocr_line' id='line_1_2' title="bbox 157 461 1176 544; baseline -0.004 -18"><span class='ocrx_word' id='word_1_4' title='bbox 157 464 371 544; x_wconf 68' lang='lat' dir='ltr'><strong>initpngnsm</strong></span> <span class='ocrx_word' id='word_1_5' title='bbox 391 461 1071 540; x_wconf 73' lang='lat' dir='ltr'><strong>et‚,necirumririposset,tcrtmnprovidcrat</strong></span> <span class='ocrx_word' id='word_1_6' title='bbox 1117 461 1176 522; x_wconf 78' lang='lat' dir='ltr'><strong>Ve</strong></span> 
     </span>
     <span class='ocr_line' id='line_1_3' title="bbox 156 557 1177 636; baseline -0.002 -16"><span class='ocrx_word' id='word_1_7' title='bbox 156 559 244 620; x_wconf 79' lang='lat' dir='ltr'><strong>tusta&#39;</strong></span> <span class='ocrx_word' id='word_1_8' title='bbox 258 559 344 620; x_wconf 88' lang='lat' dir='ltr'><strong>arbor</strong></span> <span class='ocrx_word' id='word_1_9' title='bbox 365 558 444 618; x_wconf 85' lang='lat' dir='ltr'><strong>bend</strong></span> <span class='ocrx_word' id='word_1_10' title='bbox 463 557 564 636; x_wconf 89' lang='lat' dir='ltr'><strong>procul</strong></span> <span class='ocrx_word' id='word_1_11' title='bbox 584 577 665 616; x_wconf 90' lang='lat' dir='ltr'><strong>muro</strong></span> <span class='ocrx_word' id='word_1_12' title='bbox 685 577 779 618; x_wconf 86' lang='lat' dir='ltr'><strong>ramos</strong></span> <span class='ocrx_word' id='word_1_13' title='bbox 798 557 893 616; x_wconf 72' lang='lat' dir='ltr'><strong>multe</strong></span> <span class='ocrx_word' id='word_1_14' title='bbox 915 557 1019 618; x_wconf 75' lang='lat' dir='ltr'><strong>fronde</strong></span> <span class='ocrx_word' id='word_1_15' title='bbox 1036 558 1177 634; x_wconf 66' lang='lat' dir='ltr'><strong>ratitos,</strong></span> 
     </span>
     <span class='ocr_line' id='line_1_4' title="bbox 156 653 1178 732; baseline -0.002 -18"><span class='ocrx_word' id='word_1_16' title='bbox 156 653 236 714; x_wconf 77' lang='lat' dir='ltr'><strong>velut</strong></span> <span class='ocrx_word' id='word_1_17' title='bbox 261 654 299 712; x_wconf 92' lang='lat' dir='ltr'><strong>de</strong></span> <span class='ocrx_word' id='word_1_18' title='bbox 323 654 470 714; x_wconf 71' lang='lat' dir='ltr'><strong>industris</strong></span> <span class='ocrx_word' id='word_1_19' title='bbox 501 653 613 732; x_wconf 83' lang='lat' dir='ltr'><strong>Regem</strong></span> <span class='ocrx_word' id='word_1_20' title='bbox 644 659 837 731; x_wconf 80' lang='lat' dir='ltr'><strong>protegentes,</strong></span> <span class='ocrx_word' id='word_1_21' title='bbox 863 653 1016 729; x_wconf 78' lang='lat' dir='ltr'><strong>objecerat</strong></span> <span class='ocrx_word' id='word_1_22' title='bbox 1073 653 1178 730; x_wconf 87' lang='lat' dir='ltr'><strong>Hujus</strong></span> 
     </span>
     <span class='ocr_line' id='line_1_5' title="bbox 156 743 1179 828; baseline 0 -20"><span class='ocrx_word' id='word_1_23' title='bbox 156 749 285 828; x_wconf 80' lang='lat' dir='ltr'><strong>spatiose</strong></span> <span class='ocrx_word' id='word_1_24' title='bbox 296 749 392 828; x_wconf 86' lang='lat' dir='ltr'><strong>stipiti</strong></span> <span class='ocrx_word' id='word_1_25' title='bbox 415 767 518 826; x_wconf 89' lang='lat' dir='ltr'><strong>corpus</strong></span> <span class='ocrx_word' id='word_1_26' title='bbox 540 747 687 826; x_wconf 79' lang='lat' dir='ltr'><strong>applicuit,</strong></span> <span class='ocrx_word' id='word_1_27' title='bbox 702 748 801 825; x_wconf 80' lang='lat' dir='ltr'><strong>clypeo</strong></span> <span class='ocrx_word' id='word_1_28' title='bbox 822 743 891 822; x_wconf 81' lang='lat' dir='ltr'><strong>tels,</strong></span> <span class='ocrx_word' id='word_1_29' title='bbox 903 767 970 826; x_wconf 77' lang='lat' dir='ltr'><strong>quas</strong></span> <span class='ocrx_word' id='word_1_30' title='bbox 990 767 1028 806; x_wconf 86' lang='lat' dir='ltr'><strong>ex</strong></span> <span class='ocrx_word' id='word_1_31' title='bbox 1048 747 1179 808; x_wconf 74' lang='lat' dir='ltr'><strong>sdverso</strong></span> 
     </span>
     <span class='ocr_line' id='line_1_6' title="bbox 157 841 1185 924; baseline -0.005 -19"><span class='ocrx_word' id='word_1_32' title='bbox 157 845 369 924; x_wconf 80' lang='lat' dir='ltr'><strong>ingerebnntnr,</strong></span> <span class='ocrx_word' id='word_1_33' title='bbox 392 844 542 921; x_wconf 75' lang='lat' dir='ltr'><strong>excipiens</strong></span> <span class='ocrx_word' id='word_1_34' title='bbox 584 841 663 900; x_wconf 87' lang='lat' dir='ltr'><strong>Nam</strong></span> <span class='ocrx_word' id='word_1_35' title='bbox 684 844 754 902; x_wconf 79' lang='lat' dir='ltr'><strong>edm</strong></span> <span class='ocrx_word' id='word_1_36' title='bbox 774 861 863 902; x_wconf 91' lang='lat' dir='ltr'><strong>unum</strong></span> <span class='ocrx_word' id='word_1_37' title='bbox 882 843 983 920; x_wconf 86' lang='lat' dir='ltr'><strong>procul</strong></span> <span class='ocrx_word' id='word_1_38' title='bbox 1001 850 1047 902; x_wconf 86' lang='lat' dir='ltr'><strong>tot</strong></span> <span class='ocrx_word' id='word_1_39' title='bbox 1070 859 1185 900; x_wconf 79' lang='lat' dir='ltr'><strong>menus-</strong></span> 
     </span>
     <span class='ocr_line' id='line_1_7' title="bbox 157 935 1181 1016; baseline -0.002 -18"><span class='ocrx_word' id='word_1_40' title='bbox 157 945 297 1016; x_wconf 86' lang='lat' dir='ltr'><strong>peterent,</strong></span> <span class='ocrx_word' id='word_1_41' title='bbox 322 957 407 998; x_wconf 90' lang='lat' dir='ltr'><strong>nemo</strong></span> <span class='ocrx_word' id='word_1_42' title='bbox 432 944 528 996; x_wconf 85' lang='lat' dir='ltr'><strong>tamen</strong></span> <span class='ocrx_word' id='word_1_43' title='bbox 554 935 679 996; x_wconf 86' lang='lat' dir='ltr'><strong>andebot</strong></span> <span class='ocrx_word' id='word_1_44' title='bbox 703 937 820 1014; x_wconf 77' lang='lat' dir='ltr'><strong>propius</strong></span> <span class='ocrx_word' id='word_1_45' title='bbox 846 937 987 996; x_wconf 62' lang='lat' dir='ltr'><strong>enomere</strong></span> <span class='ocrx_word' id='word_1_46' title='bbox 1041 936 1181 996; x_wconf 80' lang='lat' dir='ltr'><strong>Missilis</strong></span> 
     </span>
     <span class='ocr_line' id='line_1_8' title="bbox 157 1029 1181 1110; baseline -0.005 -18"><span class='ocrx_word' id='word_1_47' title='bbox 157 1031 247 1092; x_wconf 83' lang='lat' dir='ltr'><strong>rumis</strong></span> <span class='ocrx_word' id='word_1_48' title='bbox 267 1032 353 1110; x_wconf 75' lang='lat' dir='ltr'><strong>pluro</strong></span> <span class='ocrx_word' id='word_1_49' title='bbox 371 1034 461 1110; x_wconf 70' lang='lat' dir='ltr'><strong>quem</strong></span> <span class='ocrx_word' id='word_1_50' title='bbox 481 1031 582 1108; x_wconf 78' lang='lat' dir='ltr'><strong>clypeo</strong></span> <span class='ocrx_word' id='word_1_51' title='bbox 604 1029 776 1090; x_wconf 77' lang='lat' dir='ltr'><strong>incidebant</strong></span> <span class='ocrx_word' id='word_1_52' title='bbox 827 1030 982 1109; x_wconf 71' lang='lat' dir='ltr'><strong>Pugnabat</strong></span> <span class='ocrx_word' id='word_1_53' title='bbox 1007 1049 1061 1108; x_wconf 86' lang='lat' dir='ltr'><strong>pro</strong></span> <span class='ocrx_word' id='word_1_54' title='bbox 1091 1031 1181 1108; x_wconf 85' lang='lat' dir='ltr'><strong>Rege</strong></span> 
     </span>
     <span class='ocr_line' id='line_1_9' title="bbox 157 1123 1181 1206; baseline -0.004 -20"><span class='ocrx_word' id='word_1_55' title='bbox 157 1125 282 1206; x_wconf 81' lang='lat' dir='ltr'><strong>primimr</strong></span> <span class='ocrx_word' id='word_1_56' title='bbox 294 1125 431 1187; x_wconf 87' lang='lat' dir='ltr'><strong>celebrati</strong></span> <span class='ocrx_word' id='word_1_57' title='bbox 451 1125 574 1186; x_wconf 86' lang='lat' dir='ltr'><strong>nominis</strong></span> <span class='ocrx_word' id='word_1_58' title='bbox 596 1125 683 1200; x_wconf 77' lang='lat' dir='ltr'><strong>ieme,</strong></span> <span class='ocrx_word' id='word_1_59' title='bbox 698 1123 803 1184; x_wconf 76' lang='lat' dir='ltr'><strong>deinde</strong></span> <span class='ocrx_word' id='word_1_60' title='bbox 823 1124 1013 1202; x_wconf 65' lang='lat' dir='ltr'><strong>&#39;desperetim</strong></span> <span class='ocrx_word' id='word_1_61' title='bbox 1033 1143 1181 1204; x_wconf 79' lang='lat' dir='ltr'><strong>magnum</strong></span> 
     </span>
     <span class='ocr_line' id='line_1_10' title="bbox 158 1219 1182 1282; baseline -0.004 0"><span class='ocrx_word' id='word_1_62' title='bbox 158 1220 197 1282; x_wconf 79' lang='lat' dir='ltr'><strong>ud</strong></span> <span class='ocrx_word' id='word_1_63' title='bbox 208 1221 330 1282; x_wconf 79' lang='lat' dir='ltr'><strong>honeste</strong></span> <span class='ocrx_word' id='word_1_64' title='bbox 343 1220 524 1282; x_wconf 88' lang='lat' dir='ltr'><strong>moriendum</strong></span> <span class='ocrx_word' id='word_1_65' title='bbox 545 1220 779 1280; x_wconf 74' lang='lat' dir='ltr'><strong>incitamentum:</strong></span> <span class='ocrx_word' id='word_1_66' title='bbox 800 1219 851 1279; x_wconf 91' lang='lat' dir='ltr'><strong>sed</strong></span> <span class='ocrx_word' id='word_1_67' title='bbox 864 1221 951 1280; x_wconf 78' lang='lat' dir='ltr'><strong>‘edm</strong></span> <span class='ocrx_word' id='word_1_68' title='bbox 963 1220 1093 1282; x_wconf 74' lang='lat' dir='ltr'><strong>subinde</strong></span> <span class='ocrx_word' id='word_1_69' title='bbox 1115 1219 1182 1278; x_wconf 83' lang='lat' dir='ltr'><strong>hes-</strong></span> 
     </span>
     <span class='ocr_line' id='line_1_11' title="bbox 160 1315 1181 1396; baseline -0.001 -22"><span class='ocrx_word' id='word_1_70' title='bbox 160 1317 201 1378; x_wconf 88' lang='lat' dir='ltr'><strong>tis</strong></span> <span class='ocrx_word' id='word_1_71' title='bbox 213 1317 348 1392; x_wconf 83' lang='lat' dir='ltr'><strong>afflueret,</strong></span> <span class='ocrx_word' id='word_1_72' title='bbox 368 1319 430 1394; x_wconf 85' lang='lat' dir='ltr'><strong>jam</strong></span> <span class='ocrx_word' id='word_1_73' title='bbox 442 1316 588 1396; x_wconf 87' lang='lat' dir='ltr'><strong>ingentem</strong></span> <span class='ocrx_word' id='word_1_74' title='bbox 599 1316 662 1376; x_wconf 80' lang='lat' dir='ltr'><strong>rim</strong></span> <span class='ocrx_word' id='word_1_75' title='bbox 673 1315 797 1374; x_wconf 84' lang='lat' dir='ltr'><strong>telorum</strong></span> <span class='ocrx_word' id='word_1_76' title='bbox 816 1321 967 1392; x_wconf 73' lang='lat' dir='ltr'><strong>exceperat</strong></span> <span class='ocrx_word' id='word_1_77' title='bbox 978 1315 1093 1393; x_wconf 81' lang='lat' dir='ltr'><strong>clypeo,</strong></span> <span class='ocrx_word' id='word_1_78' title='bbox 1117 1316 1181 1392; x_wconf 66' lang='lat' dir='ltr'><strong>&#39;pm</strong></span> 
     </span>
    </p>
   </div>
   <div class='ocr_carea' id='block_1_3' title="bbox 159 1410 1302 1492">
    <p class='ocr_par' dir='ltr' id='par_1_3' title="bbox 159 1410 1302 1492">
     <span class='ocr_line' id='line_1_12' title="bbox 159 1410 1302 1492; baseline -0.002 -18"><span class='ocrx_word' id='word_1_79' title='bbox 159 1413 273 1492; x_wconf 65' lang='lat' dir='ltr'><strong>galeam</strong></span> <span class='ocrx_word' id='word_1_80' title='bbox 294 1432 364 1474; x_wconf 81' lang='lat' dir='ltr'><strong>saxa</strong></span> <span class='ocrx_word' id='word_1_81' title='bbox 384 1413 587 1492; x_wconf 68' lang='lat' dir='ltr'><strong>perfregerant,</strong></span> <span class='ocrx_word' id='word_1_82' title='bbox 601 1412 681 1489; x_wconf 74' lang='lat' dir='ltr'><strong>&#39;jam</strong></span> <span class='ocrx_word' id='word_1_83' title='bbox 700 1410 836 1470; x_wconf 88' lang='lat' dir='ltr'><strong>continno</strong></span> <span class='ocrx_word' id='word_1_84' title='bbox 849 1410 947 1470; x_wconf 87' lang='lat' dir='ltr'><strong>labore</strong></span> <span class='ocrx_word' id='word_1_85' title='bbox 965 1410 1068 1490; x_wconf 75' lang='lat' dir='ltr'><strong>grevia</strong></span> <span class='ocrx_word' id='word_1_86' title='bbox 1082 1427 1183 1489; x_wconf 61' lang='lat' dir='ltr'><strong>mue</strong></span> <span class='ocrx_word' id='word_1_87' title='bbox 1301 1467 1302 1478; x_wconf 71' lang='grc'>,</span> 
     </span>
    </p>
   </div>
   <div class='ocr_carea' id='block_1_4' title="bbox 160 1503 1257 3482">
    <p class='ocr_par' dir='ltr' id='par_1_4' title="bbox 160 1503 1183 1946">
     <span class='ocr_line' id='line_1_13' title="bbox 160 1503 1183 1586; baseline -0.004 -18"><span class='ocrx_word' id='word_1_88' title='bbox 160 1508 347 1568; x_wconf 85' lang='lat' dir='ltr'><strong>succiderant</strong></span> <span class='ocrx_word' id='word_1_89' title='bbox 400 1507 507 1586; x_wconf 85' lang='lat' dir='ltr'><strong>Iteque</strong></span> <span class='ocrx_word' id='word_1_90' title='bbox 533 1507 729 1584; x_wconf 72' lang='lat' dir='ltr'><strong>contemptim,</strong></span> <span class='ocrx_word' id='word_1_91' title='bbox 756 1513 788 1564; x_wconf 91' lang='lat' dir='ltr'><strong>et</strong></span> <span class='ocrx_word' id='word_1_92' title='bbox 814 1505 938 1581; x_wconf 72' lang='lat' dir='ltr'><strong>incente,</strong></span> <span class='ocrx_word' id='word_1_93' title='bbox 963 1505 1014 1584; x_wconf 86' lang='lat' dir='ltr'><strong>qui</strong></span> <span class='ocrx_word' id='word_1_94' title='bbox 1045 1503 1183 1584; x_wconf 78' lang='lat' dir='ltr'><strong>proximi</strong></span> 
     </span>
     <span class='ocr_line' id='line_1_14' title="bbox 161 1599 1182 1679; baseline -0.004 -17"><span class='ocrx_word' id='word_1_95' title='bbox 161 1609 311 1676; x_wconf 79' lang='lat' dir='ltr'><strong>steterunt,</strong></span> <span class='ocrx_word' id='word_1_96' title='bbox 334 1601 535 1660; x_wconf 89' lang='lat' dir='ltr'><strong>incurrerunt:</strong></span> <span class='ocrx_word' id='word_1_97' title='bbox 555 1619 572 1659; x_wconf 96' lang='lat' dir='ltr'><strong>e</strong></span> <span class='ocrx_word' id='word_1_98' title='bbox 594 1599 700 1678; x_wconf 79' lang='lat' dir='ltr'><strong>quibus</strong></span> <span class='ocrx_word' id='word_1_99' title='bbox 722 1600 797 1660; x_wconf 90' lang='lat' dir='ltr'><strong>duos</strong></span> <span class='ocrx_word' id='word_1_100' title='bbox 808 1600 907 1679; x_wconf 84' lang='lat' dir='ltr'><strong>gladio</strong></span> <span class='ocrx_word' id='word_1_101' title='bbox 929 1601 973 1660; x_wconf 82' lang='lat' dir='ltr'><strong>ita</strong></span> <span class='ocrx_word' id='word_1_102' title='bbox 993 1601 1122 1678; x_wconf 84' lang='lat' dir='ltr'><strong>excepit,</strong></span> <span class='ocrx_word' id='word_1_103' title='bbox 1145 1605 1182 1658; x_wconf 83' lang='lat' dir='ltr'><strong>nt</strong></span> 
     </span>
     <span class='ocr_line' id='line_1_15' title="bbox 161 1694 1181 1774; baseline 0 -18"><span class='ocrx_word' id='word_1_104' title='bbox 161 1703 228 1756; x_wconf 83' lang='lat' dir='ltr'><strong>ante</strong></span> <span class='ocrx_word' id='word_1_105' title='bbox 240 1696 337 1772; x_wconf 89' lang='lat' dir='ltr'><strong>ipsum</strong></span> <span class='ocrx_word' id='word_1_106' title='bbox 348 1695 494 1754; x_wconf 70' lang='lat' dir='ltr'><strong>matrimes</strong></span> <span class='ocrx_word' id='word_1_107' title='bbox 506 1695 731 1772; x_wconf 84' lang='lat' dir='ltr'><strong>procumberent</strong></span> <span class='ocrx_word' id='word_1_108' title='bbox 773 1694 803 1753; x_wconf 88' lang='lat' dir='ltr'>N</span> <span class='ocrx_word' id='word_1_109' title='bbox 804 1714 837 1753; x_wconf 91' lang='lat' dir='ltr'><strong>eo</strong></span> <span class='ocrx_word' id='word_1_110' title='bbox 849 1695 982 1774; x_wconf 88' lang='lat' dir='ltr'><strong>cuiquam</strong></span> <span class='ocrx_word' id='word_1_111' title='bbox 995 1695 1104 1756; x_wconf 80' lang='lat' dir='ltr'><strong>deinde</strong></span> <span class='ocrx_word' id='word_1_112' title='bbox 1115 1713 1181 1774; x_wconf 90' lang='lat' dir='ltr'><strong>pro·</strong></span> 
     </span>
     <span class='ocr_line' id='line_1_16' title="bbox 162 1789 1182 1871; baseline 0 -23"><span class='ocrx_word' id='word_1_113' title='bbox 162 1791 228 1868; x_wconf 81' lang='lat' dir='ltr'><strong>pins</strong></span> <span class='ocrx_word' id='word_1_114' title='bbox 252 1789 410 1850; x_wconf 74' lang='lat' dir='ltr'>incessendi</span> <span class='ocrx_word' id='word_1_115' title='bbox 433 1809 500 1848; x_wconf 89' lang='lat' dir='ltr'><strong>enm</strong></span> <span class='ocrx_word' id='word_1_116' title='bbox 521 1790 633 1848; x_wconf 70' lang='lat' dir='ltr'><strong>animm</strong></span> <span class='ocrx_word' id='word_1_117' title='bbox 645 1789 711 1848; x_wconf 80' lang='lat' dir='ltr'><strong>tuit.</strong></span> <span class='ocrx_word' id='word_1_118' title='bbox 752 1789 860 1848; x_wconf 86' lang='lat' dir='ltr'><strong>Procul</strong></span> <span class='ocrx_word' id='word_1_119' title='bbox 877 1791 975 1868; x_wconf 84' lang='lat' dir='ltr'><strong>jecnls</strong></span> <span class='ocrx_word' id='word_1_120' title='bbox 994 1791 1182 1871; x_wconf 71' lang='lat' dir='ltr'><strong>sagittasque</strong></span> 
     </span>
     <span class='ocr_line' id='line_1_17' title="bbox 161 1884 321 1946; baseline 0 -2"><span class='ocrx_word' id='word_1_121' title='bbox 161 1884 321 1946; x_wconf 76' lang='lat' dir='ltr'><strong>mittebant.</strong></span> 
     </span>
    </p>

    <p class='ocr_par' dir='ltr' id='par_1_5' title="bbox 162 1979 1257 3482">
     <span class='ocr_line' id='line_1_18' title="bbox 226 1979 1182 2061; baseline 0.002 -23"><span class='ocrx_word' id='word_1_122' title='bbox 226 1983 269 2040; x_wconf 85' lang='lat'><strong>16.</strong></span> <span class='ocrx_word' id='word_1_123' title='bbox 291 1979 348 2040; x_wconf 92' lang='lat' dir='ltr'><strong>Ille</strong></span> <span class='ocrx_word' id='word_1_124' title='bbox 371 1979 410 2038; x_wconf 87' lang='lat' dir='ltr'><strong>ed</strong></span> <span class='ocrx_word' id='word_1_125' title='bbox 428 1997 527 2040; x_wconf 87' lang='lat' dir='ltr'><strong>omnes</strong></span> <span class='ocrx_word' id='word_1_126' title='bbox 549 1979 625 2038; x_wconf 87' lang='lat' dir='ltr'><strong>ictus</strong></span> <span class='ocrx_word' id='word_1_127' title='bbox 648 1979 805 2056; x_wconf 85' lang='lat' dir='ltr'><strong>expositus,</strong></span> <span class='ocrx_word' id='word_1_128' title='bbox 827 1982 905 2060; x_wconf 74' lang='lat' dir='ltr'><strong>segre</strong></span> <span class='ocrx_word' id='word_1_129' title='bbox 926 1981 1005 2058; x_wconf 75' lang='lat' dir='ltr'><strong>‘jum</strong></span> <span class='ocrx_word' id='word_1_130' title='bbox 1023 1989 1182 2061; x_wconf 72' lang='lat' dir='ltr'><strong>exceptu</strong></span> 
     </span>
     <span class='ocr_line' id='line_1_19' title="bbox 162 2073 1257 2156; baseline 0.004 -22"><span class='ocrx_word' id='word_1_131' title='bbox 162 2075 322 2156; x_wconf 74' lang='lat' dir='ltr'><strong>poplitibus</strong></span> <span class='ocrx_word' id='word_1_132' title='bbox 348 2093 452 2152; x_wconf 90' lang='lat' dir='ltr'><strong>corpus</strong></span> <span class='ocrx_word' id='word_1_133' title='bbox 473 2075 616 2150; x_wconf 83' lang='lat' dir='ltr'><strong>tuebatur,</strong></span> <span class='ocrx_word' id='word_1_134' title='bbox 643 2073 734 2146; x_wconf 84' lang='lat' dir='ltr'><strong>donec</strong></span> <span class='ocrx_word' id='word_1_135' title='bbox 760 2074 854 2136; x_wconf 86' lang='lat' dir='ltr'><strong>Indus</strong></span> <span class='ocrx_word' id='word_1_136' title='bbox 874 2075 996 2136; x_wconf 86' lang='lat' dir='ltr'><strong>duorum</strong></span> <span class='ocrx_word' id='word_1_137' title='bbox 1014 2076 1183 2138; x_wconf 78' lang='lat' dir='ltr'><strong>cubitorum</strong></span> <span class='ocrx_word' id='word_1_138' title='bbox 1254 2089 1257 2116; x_wconf 86' lang='lat'><strong>¹</strong></span> 
     </span>
     <span class='ocr_line' id='line_1_20' title="bbox 164 2169 1182 2252; baseline 0 -20"><span class='ocrx_word' id='word_1_139' title='bbox 164 2172 301 2252; x_wconf 85' lang='lat' dir='ltr'><strong>sagittem</strong></span> <span class='ocrx_word' id='word_1_140' title='bbox 316 2171 448 2250; x_wconf 88' lang='lat' dir='ltr'><strong>(namque</strong></span> <span class='ocrx_word' id='word_1_141' title='bbox 460 2169 553 2245; x_wconf 88' lang='lat' dir='ltr'><strong>Indis,</strong></span> <span class='ocrx_word' id='word_1_142' title='bbox 566 2176 601 2228; x_wconf 91' lang='lat' dir='ltr'><strong>nt</strong></span> <span class='ocrx_word' id='word_1_143' title='bbox 622 2169 691 2230; x_wconf 78' lang='lat' dir='ltr'><strong>ente</strong></span> <span class='ocrx_word' id='word_1_144' title='bbox 713 2169 847 2245; x_wconf 81' lang='lat' dir='ltr'><strong>diximus,</strong></span> <span class='ocrx_word' id='word_1_145' title='bbox 861 2169 949 2248; x_wconf 88' lang='lat' dir='ltr'><strong>hujus</strong></span> <span class='ocrx_word' id='word_1_146' title='bbox 966 2170 1182 2250; x_wconf 76' lang='lat' dir='ltr'><strong>magnitudinis</strong></span> 
     </span>
     <span class='ocr_line' id='line_1_21' title="bbox 165 2265 1182 2348; baseline 0 -22"><span class='ocrx_word' id='word_1_147' title='bbox 165 2267 283 2348; x_wconf 70' lang='lat' dir='ltr'><strong>sagittae</strong></span> <span class='ocrx_word' id='word_1_148' title='bbox 310 2269 403 2345; x_wconf 87' lang='lat' dir='ltr'><strong>erant)</strong></span> <span class='ocrx_word' id='word_1_149' title='bbox 426 2265 468 2324; x_wconf 86' lang='lat' dir='ltr'><strong>itu</strong></span> <span class='ocrx_word' id='word_1_150' title='bbox 489 2265 624 2340; x_wconf 87' lang='lat' dir='ltr'><strong>excussit,</strong></span> <span class='ocrx_word' id='word_1_151' title='bbox 647 2273 682 2324; x_wconf 90' lang='lat' dir='ltr'><strong>nt</strong></span> <span class='ocrx_word' id='word_1_152' title='bbox 703 2285 755 2342; x_wconf 92' lang='lat' dir='ltr'><strong>per</strong></span> <span class='ocrx_word' id='word_1_153' title='bbox 774 2265 921 2324; x_wconf 85' lang='lat' dir='ltr'><strong>thoracem</strong></span> <span class='ocrx_word' id='word_1_154' title='bbox 946 2266 1068 2343; x_wconf 78' lang='lat' dir='ltr'><strong>paulum</strong></span> <span class='ocrx_word' id='word_1_155' title='bbox 1092 2281 1182 2344; x_wconf 83' lang='lat' dir='ltr'><strong>super</strong></span> 
     </span>
     <span class='ocr_line' id='line_1_22' title="bbox 164 2358 1182 2438; baseline 0.002 -18"><span class='ocrx_word' id='word_1_156' title='bbox 164 2361 242 2420; x_wconf 88' lang='lat' dir='ltr'><strong>letus</strong></span> <span class='ocrx_word' id='word_1_157' title='bbox 255 2361 388 2420; x_wconf 83' lang='lat' dir='ltr'><strong>dextmm</strong></span> <span class='ocrx_word' id='word_1_158' title='bbox 407 2360 544 2438; x_wconf 84' lang='lat' dir='ltr'><strong>infigeret.</strong></span> <span class='ocrx_word' id='word_1_159' title='bbox 586 2358 650 2428; x_wconf 82' lang='lat' dir='ltr'><strong>Quo</strong></span> <span class='ocrx_word' id='word_1_160' title='bbox 664 2360 782 2419; x_wconf 87' lang='lat' dir='ltr'><strong>vnlnere</strong></span> <span class='ocrx_word' id='word_1_161' title='bbox 804 2359 933 2434; x_wconf 75' lang='lat' dir='ltr'><strong>afflictus,</strong></span> <span class='ocrx_word' id='word_1_162' title='bbox 954 2365 1060 2438; x_wconf 78' lang='lat' dir='ltr'><strong>mngnt</strong></span> <span class='ocrx_word' id='word_1_163' title='bbox 1071 2361 1105 2421; x_wconf 81' lang='lat' dir='ltr'><strong>vi</strong></span> <span class='ocrx_word' id='word_1_164' title='bbox 1119 2379 1182 2422; x_wconf 79' lang='lat' dir='ltr'><strong>sun·</strong></span> 
     </span>
     <span class='ocr_line' id='line_1_23' title="bbox 163 2453 1183 2536; baseline 0.002 -24"><span class='ocrx_word' id='word_1_165' title='bbox 163 2454 259 2536; x_wconf 73' lang='lat' dir='ltr'><strong>gerinis</strong></span> <span class='ocrx_word' id='word_1_166' title='bbox 282 2453 432 2528; x_wconf 80' lang='lat' dir='ltr'><strong>emicante,</strong></span> <span class='ocrx_word' id='word_1_167' title='bbox 455 2453 585 2512; x_wconf 76' lang='lat' dir='ltr'><strong>⁷remisit</strong></span> <span class='ocrx_word' id='word_1_168' title='bbox 605 2473 685 2512; x_wconf 84' lang='lat' dir='ltr'><strong>erma</strong></span> <span class='ocrx_word' id='word_1_169' title='bbox 708 2453 878 2514; x_wconf 86' lang='lat' dir='ltr'><strong>moribundo</strong></span> <span class='ocrx_word' id='word_1_170' title='bbox 899 2454 1021 2514; x_wconf 85' lang='lat' dir='ltr'><strong>similis:</strong></span> <span class='ocrx_word' id='word_1_171' title='bbox 1050 2455 1183 2535; x_wconf 77' lang='lat' dir='ltr'><strong>edebrpue</strong></span> 
     </span>
     <span class='ocr_line' id='line_1_24' title="bbox 165 2546 1180 2626; baseline 0.004 -18"><span class='ocrx_word' id='word_1_172' title='bbox 165 2547 336 2622; x_wconf 64' lang='lat' dir='ltr'><strong>‘resolutus</strong></span> <span class='ocrx_word' id='word_1_173' title='bbox 365 2548 417 2604; x_wconf 82' lang='lat' dir='ltr'><strong>&#39;ut</strong></span> <span class='ocrx_word' id='word_1_174' title='bbox 442 2565 480 2606; x_wconf 88' lang='lat' dir='ltr'><strong>ne</strong></span> <span class='ocrx_word' id='word_1_175' title='bbox 507 2546 544 2606; x_wconf 77' lang='lat' dir='ltr'><strong>sd</strong></span> <span class='ocrx_word' id='word_1_176' title='bbox 575 2546 737 2606; x_wconf 83' lang='lat' dir='ltr'><strong>vellendum</strong></span> <span class='ocrx_word' id='word_1_177' title='bbox 762 2547 880 2626; x_wconf 88' lang='lat' dir='ltr'><strong>quidem</strong></span> <span class='ocrx_word' id='word_1_178' title='bbox 911 2549 1003 2608; x_wconf 86' lang='lat' dir='ltr'><strong>telum</strong></span> <span class='ocrx_word' id='word_1_179' title='bbox 1036 2551 1180 2612; x_wconf 79' lang='lat' dir='ltr'><strong>sufficeret</strong></span> 
     </span>
     <span class='ocr_line' id='line_1_25' title="bbox 165 2640 1172 2722; baseline 0 -18"><span class='ocrx_word' id='word_1_180' title='bbox 165 2643 275 2704; x_wconf 82' lang='lat' dir='ltr'><strong>dextra</strong></span> <span class='ocrx_word' id='word_1_181' title='bbox 327 2641 432 2722; x_wconf 87' lang='lat' dir='ltr'><strong>Itaque</strong></span> <span class='ocrx_word' id='word_1_182' title='bbox 455 2640 493 2700; x_wconf 85' lang='lat' dir='ltr'><strong>ed</strong></span> <span class='ocrx_word' id='word_1_183' title='bbox 515 2640 735 2718; x_wconf 81' lang='lat' dir='ltr'><strong>exspoliandum</strong></span> <span class='ocrx_word' id='word_1_184' title='bbox 761 2661 865 2720; x_wconf 88' lang='lat' dir='ltr'><strong>corpus</strong></span> <span class='ocrx_word' id='word_1_185' title='bbox 890 2643 940 2722; x_wconf 91' lang='lat' dir='ltr'><strong>qni</strong></span> <span class='ocrx_word' id='word_1_186' title='bbox 966 2645 1172 2706; x_wconf 79' lang='lat' dir='ltr'><strong>vnlnernrerat</strong></span> 
     </span>
     <span class='ocr_line' id='line_1_26' title="bbox 165 2734 1180 2819; baseline 0 -19"><span class='ocrx_word' id='word_1_187' title='bbox 165 2739 259 2800; x_wconf 81' lang='lat' dir='ltr'><strong>alacer</strong></span> <span class='ocrx_word' id='word_1_188' title='bbox 279 2736 385 2819; x_wconf 87' lang='lat' dir='ltr'><strong>gaudio</strong></span> <span class='ocrx_word' id='word_1_189' title='bbox 407 2735 538 2798; x_wconf 83' lang='lat' dir='ltr'><strong>accurrit</strong></span> <span class='ocrx_word' id='word_1_190' title='bbox 580 2734 672 2806; x_wconf 82' lang='lat' dir='ltr'><strong>Quem</strong></span> <span class='ocrx_word' id='word_1_191' title='bbox 692 2743 727 2794; x_wconf 88' lang='lat' dir='ltr'><strong>ut</strong></span> <span class='ocrx_word' id='word_1_192' title='bbox 748 2737 869 2814; x_wconf 79' lang='lat' dir='ltr'><strong>injicere</strong></span> <span class='ocrx_word' id='word_1_193' title='bbox 881 2740 994 2816; x_wconf 86' lang='lat' dir='ltr'><strong>corpori</strong></span> <span class='ocrx_word' id='word_1_194' title='bbox 1011 2759 1063 2801; x_wconf 84' lang='lat' dir='ltr'><strong>suo</strong></span> <span class='ocrx_word' id='word_1_195' title='bbox 1076 2755 1180 2800; x_wconf 77' lang='lat' dir='ltr'><strong>munus</strong></span> 
     </span>
     <span class='ocr_line' id='line_1_27' title="bbox 166 2830 1179 2915; baseline 0.001 -19"><span class='ocrx_word' id='word_1_196' title='bbox 166 2835 263 2910; x_wconf 89' lang='lat' dir='ltr'><strong>sensit,</strong></span> <span class='ocrx_word' id='word_1_197' title='bbox 278 2834 372 2909; x_wconf 90' lang='lat' dir='ltr'><strong>credo,</strong></span> <span class='ocrx_word' id='word_1_198' title='bbox 385 2831 483 2892; x_wconf 88' lang='lat' dir='ltr'><strong>ultimi</strong></span> <span class='ocrx_word' id='word_1_199' title='bbox 505 2830 653 2892; x_wconf 80' lang='lat' dir='ltr'><strong>dedecoris</strong></span> <span class='ocrx_word' id='word_1_200' title='bbox 672 2831 848 2910; x_wconf 86' lang='lat' dir='ltr'><strong>indignitete</strong></span> <span class='ocrx_word' id='word_1_201' title='bbox 862 2842 1029 2910; x_wconf 86' lang='lat' dir='ltr'><strong>commotus,</strong></span> <span class='ocrx_word' id='word_1_202' title='bbox 1051 2835 1179 2915; x_wconf 80' lang='lat' dir='ltr'><strong>bnqnen·</strong></span> 
     </span>
     <span class='ocr_line' id='line_1_28' title="bbox 165 2925 1178 3006; baseline 0 -18"><span class='ocrx_word' id='word_1_203' title='bbox 165 2937 225 2988; x_wconf 89' lang='lat' dir='ltr'><strong>tem</strong></span> <span class='ocrx_word' id='word_1_204' title='bbox 239 2929 384 2988; x_wconf 83' lang='lat' dir='ltr'><strong>revocavit</strong></span> <span class='ocrx_word' id='word_1_205' title='bbox 406 2929 542 3004; x_wconf 83' lang='lat' dir='ltr'><strong>animum,</strong></span> <span class='ocrx_word' id='word_1_206' title='bbox 556 2933 586 2986; x_wconf 87' lang='lat' dir='ltr'><strong>et</strong></span> <span class='ocrx_word' id='word_1_207' title='bbox 606 2925 724 2984; x_wconf 91' lang='lat' dir='ltr'><strong>nudum·</strong></span> <span class='ocrx_word' id='word_1_208' title='bbox 740 2926 832 2986; x_wconf 89' lang='lat' dir='ltr'><strong>hostis</strong></span> <span class='ocrx_word' id='word_1_209' title='bbox 851 2927 931 2986; x_wconf 85' lang='lat' dir='ltr'><strong>letus</strong></span> <span class='ocrx_word' id='word_1_210' title='bbox 946 2931 966 2958; x_wconf 87' lang='lat'><strong>¹⁰</strong></span> <span class='ocrx_word' id='word_1_211' title='bbox 975 2929 1105 3006; x_wconf 89' lang='lat' dir='ltr'><strong>subjecto</strong></span> <span class='ocrx_word' id='word_1_212' title='bbox 1118 2948 1178 2988; x_wconf 84' lang='lat' dir='ltr'><strong>mu·</strong></span> 
     </span>
     <span class='ocr_line' id='line_1_29' title="bbox 164 3021 1178 3102; baseline 0 -21"><span class='ocrx_word' id='word_1_213' title='bbox 164 3041 249 3082; x_wconf 90' lang='lat' dir='ltr'><strong>erone</strong></span> <span class='ocrx_word' id='word_1_214' title='bbox 275 3022 380 3082; x_wconf 77' lang='lat' dir='ltr'><strong>hausit.</strong></span> <span class='ocrx_word' id='word_1_215' title='bbox 433 3022 577 3084; x_wconf 83' lang='lat' dir='ltr'><strong>Jacebent</strong></span> <span class='ocrx_word' id='word_1_216' title='bbox 601 3023 676 3082; x_wconf 86' lang='lat' dir='ltr'><strong>circa</strong></span> <span class='ocrx_word' id='word_1_217' title='bbox 702 3021 816 3101; x_wconf 80' lang='lat' dir='ltr'><strong>Regem</strong></span> <span class='ocrx_word' id='word_1_218' title='bbox 841 3022 898 3082; x_wconf 87' lang='lat' dir='ltr'><strong>trie</strong></span> <span class='ocrx_word' id='word_1_219' title='bbox 924 3041 1052 3100; x_wconf 86' lang='lat' dir='ltr'><strong>corpore,</strong></span> <span class='ocrx_word' id='word_1_220' title='bbox 1079 3021 1178 3102; x_wconf 85' lang='lat' dir='ltr'><strong>procul</strong></span> 
     </span>
     <span class='ocr_line' id='line_1_30' title="bbox 165 3116 1177 3197; baseline 0.001 -20"><span class='ocrx_word' id='word_1_221' title='bbox 165 3116 348 3194; x_wconf 83' lang='lat' dir='ltr'><strong>stupentibus</strong></span> <span class='ocrx_word' id='word_1_222' title='bbox 362 3117 482 3178; x_wconf 75' lang='lat' dir='ltr'><strong>caeteris.</strong></span> <span class='ocrx_word' id='word_1_223' title='bbox 524 3118 590 3192; x_wconf 91' lang='lat' dir='ltr'><strong>Ille,</strong></span> <span class='ocrx_word' id='word_1_224' title='bbox 604 3125 638 3178; x_wconf 88' lang='lat' dir='ltr'><strong>ut</strong></span> <span class='ocrx_word' id='word_1_225' title='bbox 659 3121 813 3197; x_wconf 72' lang='lat' dir='ltr'><strong>antequem</strong></span> <span class='ocrx_word' id='word_1_226' title='bbox 826 3118 949 3180; x_wconf 86' lang='lat' dir='ltr'><strong>ultimus</strong></span> <span class='ocrx_word' id='word_1_227' title='bbox 969 3119 1093 3197; x_wconf 83' lang='lat' dir='ltr'><strong>spiritns</strong></span> <span class='ocrx_word' id='word_1_228' title='bbox 1113 3118 1177 3178; x_wconf 77' lang='lat' dir='ltr'><strong>dst-</strong></span> 
     </span>
     <span class='ocr_line' id='line_1_31' title="bbox 165 3209 1177 3290; baseline -0.002 -16"><span class='ocrx_word' id='word_1_229' title='bbox 165 3217 253 3288; x_wconf 87' lang='lat' dir='ltr'><strong>eeret,</strong></span> <span class='ocrx_word' id='word_1_230' title='bbox 267 3209 409 3270; x_wconf 86' lang='lat' dir='ltr'><strong>dimicans</strong></span> <span class='ocrx_word' id='word_1_231' title='bbox 430 3213 492 3286; x_wconf 87' lang='lat' dir='ltr'><strong>jam</strong></span> <span class='ocrx_word' id='word_1_232' title='bbox 515 3212 742 3290; x_wconf 79' lang='lat' dir='ltr'><strong>extingueretur,</strong></span> <span class='ocrx_word' id='word_1_233' title='bbox 756 3212 854 3290; x_wconf 87' lang='lat' dir='ltr'><strong>clypeo</strong></span> <span class='ocrx_word' id='word_1_234' title='bbox 877 3231 908 3272; x_wconf 90' lang='lat' dir='ltr'><strong>se</strong></span> <span class='ocrx_word' id='word_1_235' title='bbox 920 3212 1046 3274; x_wconf 81' lang='lat' dir='ltr'><strong>allevere</strong></span> <span class='ocrx_word' id='word_1_236' title='bbox 1059 3219 1177 3272; x_wconf 86' lang='lat' dir='ltr'><strong>conatus</strong></span> 
     </span>
     <span class='ocr_line' id='line_1_32' title="bbox 166 3305 1175 3384; baseline 0 -16"><span class='ocrx_word' id='word_1_237' title='bbox 166 3313 229 3368; x_wconf 89' lang='lat' dir='ltr'><strong>est:</strong></span> <span class='ocrx_word' id='word_1_238' title='bbox 251 3306 310 3366; x_wconf 86' lang='lat' dir='ltr'><strong>¹¹et</strong></span> <span class='ocrx_word' id='word_1_239' title='bbox 333 3306 486 3382; x_wconf 73' lang='lat' dir='ltr'><strong>postquem</strong></span> <span class='ocrx_word' id='word_1_240' title='bbox 512 3305 550 3366; x_wconf 88' lang='lat' dir='ltr'><strong>ed</strong></span> <span class='ocrx_word' id='word_1_241' title='bbox 572 3306 777 3368; x_wconf 86' lang='lat' dir='ltr'><strong>connitendum</strong></span> <span class='ocrx_word' id='word_1_242' title='bbox 797 3305 872 3366; x_wconf 86' lang='lat' dir='ltr'><strong>nibil</strong></span> <span class='ocrx_word' id='word_1_243' title='bbox 892 3314 1041 3384; x_wconf 75' lang='lat' dir='ltr'><strong>supererat</strong></span> <span class='ocrx_word' id='word_1_244' title='bbox 1061 3307 1175 3379; x_wconf 75' lang='lat' dir='ltr'><strong>virium,</strong></span> 
     </span>
     <span class='ocr_line' id='line_1_33' title="bbox 167 3398 1174 3482; baseline -0.001 -20"><span class='ocrx_word' id='word_1_245' title='bbox 167 3403 287 3466; x_wconf 74' lang='lat' dir='ltr'><strong>dextere</strong></span> <span class='ocrx_word' id='word_1_246' title='bbox 310 3398 508 3478; x_wconf 86' lang='lat' dir='ltr'><strong>impendentes</strong></span> <span class='ocrx_word' id='word_1_247' title='bbox 531 3417 626 3462; x_wconf 83' lang='lat' dir='ltr'><strong>remos</strong></span> <span class='ocrx_word' id='word_1_248' title='bbox 652 3401 824 3478; x_wconf 83' lang='lat' dir='ltr'><strong>complexus,</strong></span> <span class='ocrx_word' id='word_1_249' title='bbox 852 3401 985 3464; x_wconf 77' lang='lat' dir='ltr'><strong>tentabat</strong></span> <span class='ocrx_word' id='word_1_250' title='bbox 1018 3419 1174 3482; x_wconf 82' lang='lat' dir='ltr'><strong>assurgens.</strong></span> 
     </span>
    </p>
   </div>
   <div class='ocr_carea' id='block_1_5' title="bbox 168 3495 1302 3576">
    <p class='ocr_par' dir='ltr' id='par_1_6' title="bbox 168 3495 1302 3576">
     <span class='ocr_line' id='line_1_34' title="bbox 168 3495 1302 3576; baseline -0.002 -17"><span class='ocrx_word' id='word_1_251' title='bbox 168 3499 226 3562; x_wconf 84' lang='lat' dir='ltr'><strong>Sed</strong></span> <span class='ocrx_word' id='word_1_252' title='bbox 239 3518 275 3558; x_wconf 92' lang='lat' dir='ltr'><strong>ne</strong></span> <span class='ocrx_word' id='word_1_253' title='bbox 288 3497 329 3558; x_wconf 86' lang='lat' dir='ltr'><strong>sio</strong></span> <span class='ocrx_word' id='word_1_254' title='bbox 342 3495 458 3576; x_wconf 89' lang='lat' dir='ltr'><strong>quidem</strong></span> <span class='ocrx_word' id='word_1_255' title='bbox 470 3501 572 3574; x_wconf 81' lang='lat' dir='ltr'><strong>potens</strong></span> <span class='ocrx_word' id='word_1_256' title='bbox 582 3496 718 3572; x_wconf 88' lang='lat' dir='ltr'><strong>corporis,</strong></span> <span class='ocrx_word' id='word_1_257' title='bbox 738 3515 838 3558; x_wconf 87' lang='lat' dir='ltr'><strong>rursus</strong></span> <span class='ocrx_word' id='word_1_258' title='bbox 857 3495 889 3554; x_wconf 90' lang='lat' dir='ltr'><strong>in</strong></span> <span class='ocrx_word' id='word_1_259' title='bbox 901 3516 996 3575; x_wconf 84' lang='lat' dir='ltr'><strong>genus</strong></span> <span class='ocrx_word' id='word_1_260' title='bbox 1007 3497 1176 3576; x_wconf 80' lang='lat' dir='ltr'><strong>procumbit,</strong></span> <span class='ocrx_word' id='word_1_261' title='bbox 1301 3537 1302 3556; x_wconf 48' lang='lat' dir='ltr'><strong>r</strong></span> 
     </span>
    </p>
   </div>
   <div class='ocr_carea' id='block_1_6' title="bbox 167 3589 1302 3765">
    <p class='ocr_par' dir='ltr' id='par_1_7' title="bbox 167 3589 1302 3765">
     <span class='ocr_line' id='line_1_35' title="bbox 167 3589 951 3672; baseline -0.001 -20"><span class='ocrx_word' id='word_1_262' title='bbox 167 3613 253 3652; x_wconf 88' lang='lat' dir='ltr'><strong>manu</strong></span> <span class='ocrx_word' id='word_1_263' title='bbox 267 3611 425 3672; x_wconf 81' lang='lat' dir='ltr'><strong>provocans</strong></span> <span class='ocrx_word' id='word_1_264' title='bbox 438 3589 543 3666; x_wconf 88' lang='lat' dir='ltr'><strong>hostes,</strong></span> <span class='ocrx_word' id='word_1_265' title='bbox 558 3589 583 3651; x_wconf 91' lang='lat' dir='ltr'><strong>si</strong></span> <span class='ocrx_word' id='word_1_266' title='bbox 596 3589 661 3668; x_wconf 88' lang='lat' dir='ltr'><strong>quis</strong></span> <span class='ocrx_word' id='word_1_267' title='bbox 673 3589 808 3668; x_wconf 87' lang='lat' dir='ltr'><strong>congredi</strong></span> <span class='ocrx_word' id='word_1_268' title='bbox 822 3591 951 3652; x_wconf 81' lang='lat' dir='ltr'><strong>auderet.</strong></span> 
     </span>
     <span class='ocr_line' id='line_1_36' title="bbox 232 3685 1302 3765; baseline 0.002 -19"><span class='ocrx_word' id='word_1_269' title='bbox 232 3691 275 3748; x_wconf 88' lang='grc'><strong>17.</strong></span> <span class='ocrx_word' id='word_1_270' title='bbox 298 3687 425 3750; x_wconf 77' lang='lat' dir='ltr'><strong>Tandem</strong></span> <span class='ocrx_word' id='word_1_271' title='bbox 449 3688 604 3746; x_wconf 89' lang='lat' dir='ltr'><strong>Peucestes</strong></span> <span class='ocrx_word' id='word_1_272' title='bbox 627 3704 678 3763; x_wconf 91' lang='lat' dir='ltr'><strong>per</strong></span> <span class='ocrx_word' id='word_1_273' title='bbox 705 3685 792 3744; x_wconf 79' lang='lat' dir='ltr'><strong>aliem</strong></span> <span class='ocrx_word' id='word_1_274' title='bbox 816 3686 914 3764; x_wconf 87' lang='lat' dir='ltr'><strong>oppidi</strong></span> <span class='ocrx_word' id='word_1_275' title='bbox 940 3694 1062 3765; x_wconf 77' lang='lat' dir='ltr'><strong>purtem,</strong></span> <span class='ocrx_word' id='word_1_276' title='bbox 1083 3687 1176 3748; x_wconf 76' lang='lat' dir='ltr'><strong>detur·</strong></span> <span class='ocrx_word' id='word_1_277' title='bbox 1301 3697 1302 3708; x_wconf 60' lang='lat'>¹</span> 
     </span>
    </p>
   </div>
   <div class='ocr_carea' id='block_1_7' title="bbox 165 3779 1176 3862">
    <p class='ocr_par' dir='ltr' id='par_1_8' title="bbox 165 3779 1176 3862">
     <span class='ocr_line' id='line_1_37' title="bbox 165 3779 1176 3862; baseline 0.002 -22"><span class='ocrx_word' id='word_1_278' title='bbox 165 3779 245 3840; x_wconf 80' lang='lat' dir='ltr'><strong>betis</strong></span> <span class='ocrx_word' id='word_1_279' title='bbox 258 3782 526 3860; x_wconf 82' lang='lat' dir='ltr'><strong>propugnatoribus,</strong></span> <span class='ocrx_word' id='word_1_280' title='bbox 542 3782 559 3810; x_wconf 77' lang='lat'><strong>¹²</strong></span> <span class='ocrx_word' id='word_1_281' title='bbox 569 3781 644 3842; x_wconf 90' lang='lat' dir='ltr'><strong>muri</strong></span> <span class='ocrx_word' id='word_1_282' title='bbox 665 3780 789 3859; x_wconf 86' lang='lat' dir='ltr'><strong>vestigia</strong></span> <span class='ocrx_word' id='word_1_283' title='bbox 801 3801 980 3862; x_wconf 81' lang='lat' dir='ltr'><strong>persequens,</strong></span> <span class='ocrx_word' id='word_1_284' title='bbox 994 3783 1070 3861; x_wconf 83' lang='lat' dir='ltr'><strong>Regi</strong></span> <span class='ocrx_word' id='word_1_285' title='bbox 1082 3799 1176 3861; x_wconf 84' lang='lat' dir='ltr'><strong>snper·</strong></span> 
     </span>
    </p>
   </div>
   <div class='ocr_carea' id='block_1_8' title="bbox 0 0 1327 4382">
    <p class='ocr_par' dir='ltr' id='par_1_9' title="bbox 0 0 1327 4382">
     <span class='ocr_line' id='line_1_38' title="bbox 0 0 1327 4382; baseline 0 0"><span class='ocrx_word' id='word_1_286' title='bbox 0 0 1327 4382; x_wconf 95' lang='lat' dir='ltr'><strong> </strong></span> 
     </span>
    </p>
   </div>
  </div>
 </body>
</html>
