2642 4386
194 389 253 448 202
541 405 682 456 Quruur
711 405 853 446 ousnrr

194 545 261 606 Rex
275 543 442 604 'fortuitam
454 543 590 604 laetitiam
610 563 668 604 non
681 549 836 618 aversatus,
851 541 933 622 large
947 541 985 602 ed
1007 540 1107 620 epulas
1118 539 1210 604 omui·

192 641 246 701 bus
268 639 408 717 praebitis,
431 659 482 718 per
504 639 601 699 deoem
620 640 681 699 dies
694 639 824 700 ”Libero
844 638 922 716 petri
935 644 1086 716 operatum
1105 637 1211 700 habu'm

193 735 359 796 exereitum
416 733 489 806 Quis
512 742 598 815 neget
625 735 761 794 eximiam
786 751 898 813 quoque
924 733 1048 812 gloriam
1076 733 1211 810 ¹⁰srepius

192 829 314 890 rorumae
336 831 425 908 quem
438 829 558 890 virtutis
580 849 642 888 esse
663 829 854 890 beneficium?
873 827 979 907 quippe
1002 847 1039 886 ne
1058 827 1211 905 epulantes

192 925 308 1004 quidem
329 933 358 984 et
380 925 488 1002 sopitos
501 943 579 984 mero
603 925 722 1004 aggredi
736 942 823 984 susus
836 931 882 982 est
902 923 1013 1000 hostis;
1034 922 1113 982 houd
1125 941 1211 982 seous

192 1019 390 1080 baoohantium
404 1019 632 1098 ululantiumque
652 1020 772 1078 fremitu
791 1019 973 1098 perterritus,
988 1020 1077 1097 quim
1097 1017 1211 1096 siprae·

191 1113 327 1173 liantium
350 1115 458 1174 elamor
479 1122 556 1174 esset
578 1115 705 1174 auditus.
747 1115 859 1175 Eadem
882 1114 1006 1174 felicitas
1028 1113 1065 1174 ab
1092 1113 1210 1176 Ooeauo

191 1216 368 1270 revertentes
390 1211 566 1269 temulentos
587 1216 861 1289 oommessantesque
883 1211 901 1238 ¹¹
911 1209 988 1270 iuter
1008 1228 1059 1268 ora
1078 1208 1210 1270 hostium

192 1305 274 1365 texit

253 1404 298 1461 34.
321 1400 401 1459 Hine
421 1400 459 1459 ad
480 1400 633 1480 regionem,
656 1419 720 1480 ques
743 1399 866 1461 Daedala
887 1405 1016 1474 voeatur,
1038 1406 1210 1477 perventum

191 1502 242 1556 est.
284 1495 478 1556 Deseruerant
486 1497 589 1557 ineolee
599 1497 691 1572 sedes,
701 1504 731 1556 et
741 1497 773 1554 in
786 1495 1210 1574 aviossylvestresqueruoutes

191 1591 386 1670 confugerant.
429 1591 509 1672 Ergo
533 1592 665 1652 Aoedere
687 1591 805 1667 transit,
827 1591 908 1670 seque
931 1598 1000 1652 usta
1020 1597 1050 1648 et
1069 1589 1210 1650 destituta

191 1687 377 1746 ineoleutium
397 1688 474 1766 fuge.
517 1687 621 1766 Itaque
642 1687 782 1746 rationem
805 1686 876 1748 belli
897 1686 1053 1747 nenessitas
1072 1685 1207 1750 mutavit.

191 1781 300 1842 Divisis
323 1781 399 1840 enim
418 1781 517 1858 eopiis,
539 1781 670 1859 pluribus
694 1781 782 1840 simul
803 1781 875 1840 loois
895 1801 974 1840 arms
994 1780 1138 1842 ostendit:
1159 1800 1209 1860 op-

191 1875 347 1955 pressique,
361 1875 411 1937 ubi
433 1895 492 1935 non
514 1883 750 1954 exspectaverant
771 1876 893 1952 hostem,
908 1876 985 1936 omni
1004 1876 1087 1936 alode
1107 1877 1208 1955 perdo

190 1972 256 2030 miti
277 1979 352 2032 sunt.
405 1971 585 2032 Ptolemaeus
605 1972 744 2050 plurimas
763 1971 858 2047 urbes,
879 1972 1048 2034 Alexander
1066 1973 1209 2033 maximas

191 2069 284 2145 oepit:
313 2068 472 2146 rursusque
493 2085 565 2147 quas
587 2067 776 2130 distribuerat
798 2069 895 2146 oopies
916 2068 1023 2145 junxit.
1064 2067 1208 2146 Superato

191 2163 293 2222 deinde
323 2162 453 2241 Choaspe
480 2181 571 2239 amne,
600 2161 710 2224 Ooenon
732 2163 764 2222 in
786 2163 934 2224 obsidione
957 2163 1039 2224 urbis
1060 2164 1207 2241 opulenta

191 2257 335 2335 (Beairam
358 2259 459 2318 ineolae
481 2261 597 2339 voeant)
624 2259 750 2338 reliquit.
801 2258 869 2338 Ipse
890 2259 929 2318 ad
955 2259 1092 2339 Musagas
1116 2257 1207 2336 venit,

190 2371 279 2430 nuper
306 2354 453 2412 Assacano
479 2353 573 2430 (enjus
594 2373 715 2433 regnum
739 2355 845 2434 fuerat)
870 2353 1025 2415 demortuo.
1080 2354 1208 2434 Regioui

189 2465 301 2524 quoquo
313 2447 435 2526 urbique
448 2456 572 2524 praeerat
584 2455 677 2507 mater
690 2451 753 2525 ejus
768 2448 917 2526 Oleopbes.
968 2449 1102 2528 Triginta
1114 2449 1209 2510 millis

189 2539 320 2617 peditum
347 2539 505 2600 tuebantur
525 2542 635 2617 urbem,
659 2543 795 2601 non-situ
817 2543 918 2618 solbm,
933 2544 985 2604 sed
1007 2545 1094 2603 etiarn
1120 2563 1207 2622 opere

189 2635 337 2694 munitum.
381 2633 459 2693 Nam
482 2638 541 2714 qut
564 2643 676 2712 speetat
702 2637 860 2712 Orientem,
888 2638 1014 2718 oiugitur
1041 2657 1122 2698 anme
1148 2647 1207 2700 tor·

189 2731 273 2808 renti,
287 2731 337 2810 qui
349 2731 504 2809 praeruptis
516 2731 652 2810 utrinque
674 2731 794 2810 rupibus
816 2732 928 2792 aditum
948 2734 986 2792 ad
998 2734 1100 2795 urbem
1119 2735 1207 2813 impe·

190 2829 243 2888 dit.
285 2827 335 2888 Ab
361 2825 519 2888 Oooidente
543 2833 573 2886 et
594 2847 612 2886 a
632 2827 767 2903 Meridie,
786 2827 866 2888 velut
886 2829 923 2888 do
946 2829 1099 2906 industrie,
1119 2849 1206 2908 rupes

189 2923 324 3000 praealtas
347 2923 484 2982 admolita
505 2929 611 2982 natura
623 2929 676 2998 est,
690 2923 768 2982 infra
780 2942 852 3002 quas
872 2941 1001 2985 eavernea
1012 2909 1205 3004 muoragiues

189 3017 275 3094 longe
288 3025 433 3077 vetustate
445 3017 478 3076 in
491 3019 580 3078 altum
590 3026 698 3080 oevatae
708 3021 823 3096 jaoent:
844 3021 957 3099 queque
971 3019 1207 3096 desinentium

189 3111 316 3190 ingentis
330 3113 424 3188 operis
438 3113 551 3190 objeota
571 3121 622 3174 est.
665 3115 800 3196 Triginta
811 3115 938 3195 quinque
959 3115 1086 3176 stadium
1104 3136 1205 3178 murus

188 3207 289 3266 urbem
299 3207 507 3284 complectitur,
519 3211 602 3286 eujus
613 3209 751 3271 inferiore
762 3231 841 3286 saxo,
856 3209 1004 3289 superiora
1016 3213 1104 3272 orudo
1114 3213 1205 3274 latere

189 3309 257 3363 sunt
283 3308 400 3360 struota
456 3304 476 3331 ¹²
488 3302 589 3364 Lateri
613 3306 759 3364 vineulum
784 3305 895 3385 lapides
922 3313 999 3383 sunt,
1021 3326 1092 3387 quos
1118 3307 1204 3368 inter·

188 3405 317 3477 posuere,
330 3403 364 3454 ut
378 3396 488 3456 duriori
501 3399 630 3458 materiae
639 3400 754 3480 fragilis
765 3401 956 3462 incumberet:
970 3403 1114 3482 simulque
1124 3409 1204 3464 terra

188 3495 305 3553 humore
328 3491 431 3568 diluto,
454 3511 490 3567 ne
512 3493 630 3551 tandem
651 3495 812 3555 ¹⁸universa
833 3495 1005 3573 consideret,
1024 3497 1204 3577 mrorporim

188 3597 270 3648 erent
282 3588 380 3650 trabes
393 3587 507 3663 valide,
521 3587 626 3667 quibus
639 3589 748 3667 injeota
760 3589 891 3651 tabulata
903 3611 1000 3653 munos
1014 3602 1044 3652 et
1056 3593 1203 3674 tegebant,

188 3691 218 3742 et
231 3685 344 3762 pervios
357 3684 493 3744 fenerent.

197 3799 206 3819 ⁴
249 3783 294 3838 35.
324 3779 397 3839 Haeo
426 3779 603 3840 munimenta
633 3779 873 3858 oontemplantem
900 3782 1109 3860 Alexandrum,
1139 3803 1203 3846 eon·

187 3869 300 3948 siliique
321 3873 462 3934 incertum
477 3875 554 3954 (quia
575 3895 626 3936 nee
648 3893 794 3951 eaveruas,
814 3877 871 3936 nisi
893 3895 997 3956 aggere
1017 3885 1132 3956 poterat
1149 3880 1204 3956 iun⁴
