2600 4394
406 411 528 452 arser
555 411 607 452 ιν.
635 411 720 452 car.
749 417 772 452 ι.
1056 395 1096 452 tt

93 547 157 606 tiam
176 548 283 626 profer.
326 546 367 607 Et
380 551 445 608 cim
459 549 490 608 in
503 549 594 628 regali
614 549 686 610 solio
706 549 856 625 residebis,
870 548 939 610 uita
959 547 1096 628 neelsqm

91 642 211 700 omnium
231 642 337 700 civium
361 642 504 717 dominus,
518 644 617 704 ”caue
629 661 666 702 ne
680 643 860 704 obliviscaris
878 643 967 720 hujus
988 647 1094 718 status,

90 737 118 792 in
130 755 185 814 quo
199 737 303 814 accipis
316 757 454 816 regnnm;
477 739 535 798 imd
549 737 667 797 hercule
686 746 806 817 propter
818 739 934 818 quem.’‘
977 737 1095 798 Somnio

93 831 190 889 similis
213 851 260 890 res
279 831 484 910 Abdalonymo
507 833 669 894 videbatur.
712 833 877 907 Interdum,
898 834 1007 892 satisne
1031 833 1094 892 sani

91 932 190 999 essent,
211 927 335 1004 quitum
354 929 490 1004 proterve
504 927 560 988 sibi
580 927 746 1003 illuderent,
760 927 992 1006 percontabatur.
1034 927 1094 988 Sed

87 1025 119 1075 ut
131 1021 276 1078 nuntianti
300 1021 420 1100 squalor
440 1021 558 1080 ablutus
582 1029 636 1098 est,
651 1029 682 1080 et
701 1022 837 1100 'injecta
849 1021 941 1082 vestis
963 1025 1094 1099 purpura

86 1132 207 1192 auroque
221 1115 369 1190 distincta,
383 1116 501 1175 otides
515 1135 533 1174 a
551 1117 720 1193 jurantibus
733 1117 827 1193 iaeta3
850 1117 925 1176 sarid
941 1117 1003 1194 jam
1018 1116 1093 1191 Rex,

85 1207 184 1267 iisdem
206 1210 425 1284 comitantibus,
444 1210 474 1268 in
497 1212 606 1288 regiam
627 1212 767 1289 pervenit.
810 1211 902 1270 llama
924 1211 1038 1284 deinde,
1059 1217 1095 1270 ut
1131 1247 1137 1258 ·

84 1301 163 1379 solet,
176 1305 295 1362 strenue
309 1308 374 1362 tota
387 1305 460 1364 urbc
475 1304 630 1364 discurrit:
651 1305 802 1364 ”aliorum
816 1306 957 1381 studium,
971 1305 1094 1364 aliorum

82 1396 243 1475 indignatio
257 1398 411 1457 eminebat
454 1398 627 1457 Ditissimus
647 1401 768 1478 quisque
790 1399 984 1458 bumilitatem
1004 1399 1094 1476 inopi·

82 1509 184 1568 amque
205 1494 268 1568 ejus
291 1492 369 1568 apud
392 1492 499 1551 amicos
519 1492 681 1552 Alexandri
705 1493 920 1554 criminabatur.
963 1493 1095 1552 Admitti

82 1605 148 1643 eum
162 1584 230 1644 Rex
241 1586 378 1663 protinds
389 1587 487 1664 jussit,
499 1587 610 1666 diuque
624 1588 853 1666 contemplatus:
874 1587 919 1622 ““
930 1587 1095 1666 Oorporis,¹’

79 1681 181 1758 inquit,
197 1679 341 1740 “babitus
355 1682 440 1740 famae
458 1683 573 1760 generis
587 1702 644 1742 non
664 1691 824 1762 repugnat:
846 1683 896 1742 sed
915 1683 990 1744 libet
1009 1683 1091 1758 scire,

78 1777 204 1852 inopiam
218 1779 276 1854 qut
290 1776 433 1853 patientie
447 1777 576 1836 tuleris‚”
619 1777 695 1836 Tum
710 1778 776 1837 ille:
797 1781 816 1812 “
827 1778 975 1853 Utinam,”
986 1777 1091 1858 inquit,

78 1875 96 1904 “
107 1871 207 1929 eodem
221 1871 316 1930 animo
330 1891 451 1949 regnum
464 1873 527 1949 pati
540 1872 656 1950 possim.
700 1873 759 1932 Hae
772 1893 874 1931 manus
889 1875 1028 1932 suffecere
1043 1873 1091 1932 de·

76 1965 184 2024 siderio
198 1983 279 2024 meo:
300 1965 403 2024 8⁶nihil
422 1965 550 2042 harenti,
564 1967 639 2024 nihil
661 1967 784 2026 defuit.²'
824 1967 970 2047 “Magnae
983 1967 1091 2027 indolis

75 2061 222 2137 specimen
252 2080 287 2118 ex
314 2061 368 2119 hoo
396 2081 527 2120 sermone
552 2061 750 2140 Abdalonymi
778 2063 863 2140 cepit.
905 2063 1010 2142 Itaque
1033 2083 1091 2122 non

74 2154 225 2214 Stratonis
238 2153 324 2212 modb
334 2153 445 2232 regiam
459 2155 669 2231 supellectilem
683 2156 805 2216 attribui
819 2157 846 2214 ei
857 2157 955 2232 jussit,
967 2157 1018 2214 sed
1031 2157 1091 2233 ple·

72 2269 167 2326 reque
183 2248 270 2306 etiam
284 2267 321 2306 ex
336 2247 458 2306 Persica
470 2249 589 2324 praeda:
610 2249 756 2327 regionem
770 2269 884 2328 quoque
901 2250 968 2310 urbi
982 2250 1090 2327 apposi-

73 2350 150 2418 tam,
165 2341 270 2400 ditioni
285 2344 347 2418 ejus
362 2341 476 2418 adjecit.

137 2441 164 2495 5.
187 2435 307 2496 Interea
321 2437 478 2514 Amyntas,
491 2456 576 2516 quem
591 2437 627 2495 ad
643 2437 750 2496 Persas
764 2437 801 2498 ab
815 2437 985 2498 Alexandro
999 2447 1090 2498 trans·

68 2532 185 2609 fugisse
211 2531 337 2590 diximus
362 2551 427 2591 cum
452 2540 577 2610 quatuor
590 2532 719 2592 millibus
745 2532 921 2609 Graecorum,
936 2534 1030 2612 ipsum
1052 2553 1090 2594 ex

67 2628 135 2686 acie
152 2626 323 2704 persecutis,
337 2627 410 2704 fuga
430 2625 571 2703 Tripolim
594 2628 734 2703 pervenit.
780 2627 856 2686 lndd
871 2629 902 2686 in
914 2647 1002 2688 naves
1016 2629 1088 2687 mili·

67 2722 157 2781 tibus
168 2719 321 2799 impositis,
333 2719 461 2798 Cyprum
472 2721 643 2795 transmisit,
654 2721 673 2750 ¹¹
681 2729 711 2780 et
722 2724 789 2780 oum
799 2723 829 2780 iu
839 2723 891 2780 illo
902 2729 1089 2782 staturarum

66 2817 103 2874 id
128 2836 281 2895 quemque,
302 2815 380 2893 quod
405 2819 584 2892 occupasset,
605 2815 773 2876 habiturum
794 2817 995 2890 arbitraretur,
1010 2817 1090 2876 velut

65 2917 157 2968 certo
168 2913 235 2986 jure
245 2927 418 2986 possessum,
427 2909 588 2986 AEgyptnm
601 2917 700 2986 petere
712 2909 849 2969 decrevit.
891 2910 1016 2990 Utrique
1026 2912 1089 2992 regi

63 3003 179 3077 hostis,
196 3011 226 3061 et
250 3023 363 3080 semper
383 3021 420 3060 ex
444 3004 564 3080 ancipiti
587 3004 746 3062 mutatione
771 3011 931 3082 temporum
952 3007 1088 3085 pendens,

61 3102 267 3177 hortatusque
291 3095 399 3156 milites
414 3097 451 3154 ad
465 3117 545 3176 spem
566 3105 657 3156 tantae
676 3098 727 3172 rei,
742 3099 834 3174 docet,
849 3100 987 3160 Sabaoem
1011 3102 1087 3162 Prae

64 3204 172 3253 torem
188 3191 314 3272 AEgypti
328 3191 466 3251 cecidisse
479 3192 510 3250 in
525 3192 603 3268 acie;
625 3193 783 3252 Persarum
801 3195 969 3272 praesidium
983 3204 1014 3255 et
1027 3197 1088 3256 sina

60 3290 150 3349 duce
166 3307 237 3362 esse,
251 3291 281 3346 et
294 3285 471 3364 invalidum,
494 3286 653 3364 AEgyptios
668 3307 781 3366 semper
795 3289 975 3351 Praetoribus
988 3309 1088 3350 eorum

58 3383 213 3458 infensor,
224 3401 277 3460 pro
292 3381 377 3442 sociis
392 3381 478 3460 ipsos,
490 3401 548 3441 non
561 3401 614 3460 pro
628 3383 768 3461 hostibus,
778 3385 975 3444 aestimaturos.
1020 3385 1090 3444 Om-

55 3479 123 3540 nia
137 3477 267 3556 experiri
289 3476 447 3536 necessitas
462 3477 599 3556 cogebat:
619 3478 724 3558 qnippe
739 3481 807 3538 oum
830 3481 939 3558 primas
953 3495 1019 3555 spes
1032 3478 1077 3535 for

55 3584 148 3632 tuna
163 3573 310 3649 destituit,
323 3573 424 3631 futura
436 3573 629 3650 praesentibus
642 3573 778 3632 videntur
791 3593 855 3632 esse
869 3573 989 3650 potiora.
1032 3570 1088 3649 Igi-

54 3678 121 3727 tur
137 3665 327 3741 conclamant,
342 3666 497 3739 ”duceret
511 3665 568 3746 <jud
582 3667 738 3728 videretur.
782 3667 881 3743 Atque
905 3665 957 3722 ille
980 3664 1088 3724 ⁸'uten-

54 3765 145 3823 dum
160 3763 273 3837 animis,
289 3761 359 3820 dum
375 3781 425 3839 spe
446 3763 581 3837 calerent,
596 3770 688 3840 ratus,
702 3762 740 3819 ad
755 3760 868 3819 Pelusii
889 3759 994 3818 ostium
1007 3781 1087 3838 pene

54 3864 144 3934 trat,
170 3857 311 3916 simulans
341 3877 358 3916 a
384 3855 472 3918 Dario
500 3877 531 3916 se
558 3875 621 3918 esse
644 3856 833 3934 praemissum.
876 3855 993 3918 Potitus
1021 3859 1093 3936 ergo
