2520 4390
375 379 499 424 urana
525 381 576 424 vr.
606 381 691 424 aar.
720 381 773 424 rx.
1029 365 1082 426 tat

64 523 195 583 sileam?
235 521 399 598 Parmenio,
419 521 493 582 ⁴ills
514 527 611 596 aetata
635 527 680 580 tot
702 522 784 598 mois,
806 528 852 582 tot
876 524 1006 600 parentis
1025 521 1085 583 mei

63 619 178 678 meritis
206 619 367 694 devinotus,
395 617 524 676 omnium
550 615 636 678 nohis
669 618 827 677 amisorum
853 618 1082 694 vetustissimus,

39 714 169 772 *dneem
193 733 226 773 se
249 719 330 773 tanto
358 713 462 772 soeleri
480 713 624 790 praebuit.
681 713 820 772 Minister
847 715 911 790 ojus
939 713 1081 788 Philotas,

66 809 252 884 Peuoolaum,
277 815 308 868 et
329 808 512 868 Demetrium
536 815 566 868 et
589 807 666 866 huno
690 807 846 886 Dymnum,
871 811 955 885 eujus
975 825 1081 886 eorpus

65 905 203 982 aepioitis,
218 912 396 983 caeterosque
410 903 542 981 ejusdem
562 903 706 981 amentiae,
722 903 752 962 in
773 911 861 982 eaput
874 923 971 962 meum
984 904 1081 964 subor-

64 1000 175 1058 navit’'
241 999 388 1060 Fremitus
414 999 544 1078 undique
575 999 791 1076 indignantium
817 999 1080 1078 'querentiumque

65 1099 131 1152 tota
152 1095 288 1154 aonoione
312 1093 507 1171 obstrepebat,
521 1093 616 1172 qualis
639 1093 714 1152 solet
734 1111 798 1153 esse
818 1093 1027 1168 multitudinis,
1049 1101 1080 1153 et

63 1189 191 1248 maxime
212 1190 359 1264 militaris,
373 1189 424 1250 uhi
448 1196 501 1248 aut
525 1188 622 1248 studio
645 1190 751 1266 agitur,
775 1197 826 1247 ant
850 1189 905 1249 ira.
948 1189 1081 1248 Niooma·

62 1285 137 1344 ahus
162 1285 278 1359 deinde,
294 1292 324 1344 et
348 1284 466 1342 Metron
480 1290 510 1341 et
534 1279 692 1343 cebalinus
711 1283 854 1360 produeti,
880 1303 946 1362 qum
959 1284 1082 1363 quisquo

63 1379 214 1438 detulerat
229 1385 393 1456 exponunt:
413 1377 524 1436 nullius
546 1395 645 1438 eornm
665 1377 773 1436 indicio
787 1377 922 1436 Philotas
934 1379 1082 1456 pastioeps

65 1474 187 1533 sceleris
212 1473 421 1532 destinabatur.
464 1471 570 1551 Itaque
584 1471 785 1551 indignatione
797 1475 908 1550 pressa,
922 1491 982 1532 vox
1004 1471 1078 1531 indi·

63 1587 131 1626 oum
158 1567 276 1626 silentio
304 1575 426 1646 excepta
453 1574 506 1626 ast
563 1567 639 1626 Tum
666 1567 753 1626 Rex:
787 1566 947 1642 “Qualis”
976 1567 1081 1646 inquit,

61 1664 161 1740 “er-gd
184 1663 274 1722 animi
298 1663 381 1723 vohis
404 1663 531 1737 videtur,
546 1663 597 1741 qui
618 1662 706 1739 hujus
726 1663 770 1721 rei
790 1661 921 1721 delatum
942 1663 1082 1724 iuditium

61 1759 100 1817 ad
114 1759 210 1836 ipsum
225 1758 409 1836 suppressit?
452 1757 539 1832 Quod
552 1777 609 1816 non
623 1758 714 1818 fuisse
727 1777 843 1833 vanum,
859 1757 968 1836 Dymni
981 1758 1082 1817 exitus

61 1853 199 1913 deolamt.
241 1853 389 1914 Incertam
402 1873 463 1912 rem
480 1853 614 1912 deferens
634 1860 779 1912 tormenta
798 1873 856 1912 non
870 1853 972 1912 timuit
988 1852 1079 1914 Oeba·

60 1949 158 2008 linus:
175 1949 293 2009 Metron
304 1967 341 2008 ne
352 1956 528 2008 momentum
542 1948 660 2028 quidem
672 1949 812 2026 temporis
826 1949 945 2008 distulit
958 1948 1079 2008 ‘exone

59 2065 128 2103 rare
149 2063 190 2119 se,
204 2053 239 2102 ut
253 2046 286 2104 ed
300 2045 353 2104 ubi
376 2043 495 2102 larahar
516 2045 699 2120 irrumperet.
742 2043 878 2102 Philotae
901 2043 983 2102 solus
1005 2042 1081 2102 nihil

60 2139 171 2214 timuit,
197 2139 272 2196 nihil
297 2138 430 2198 eredidit
483 2137 510 2198 Ο
538 2137 636 2216 magni
663 2137 751 2196 animi
777 2136 891 2209 viruml
932 2137 1030 2210 'Iste,
1054 2138 1080 2196 si

61 2234 157 2310 Regis
170 2233 299 2310 perioirlo
320 2239 559 2305 commoveretur,
572 2231 688 2290 vultum
707 2249 767 2290 non
788 2231 936 2290 mutareti
956 2231 1080 2290 indioem

59 2336 154 2388 tantae
175 2329 220 2388 rei
241 2328 383 2388 solhoitue
405 2347 463 2386 non
485 2325 618 2385 audiret!
668 2325 776 2386 Subest
796 2325 935 2384 nimirum
964 2325 1079 2384 silentio

58 2425 193 2500 faoinus;
216 2430 246 2482 et
267 2423 353 2484 avida
367 2441 433 2500 spes
447 2421 531 2499 regni
550 2421 730 2499 praeoipitem
750 2420 878 2480 animum
892 2421 929 2479 ad
942 2421 1080 2480 ultimum

58 2521 142 2581 nefas
167 2520 291 2598 impulit
334 2519 425 2578 Pater
448 2517 557 2580 Media
583 2524 699 2595 praeest.
756 2515 835 2594 Ipse,
863 2515 942 2594 apud
969 2517 1079 2576 multos

59 2617 209 2695 copiarum
233 2615 323 2674 duoes
344 2615 414 2673 meis
428 2620 593 2692 praepotens
607 2613 727 2686 viribus,
743 2614 861 2690 majora,
878 2612 986 2691 'quim
1001 2613 1080 2690 oepit

59 2720 166 2791 sperat
209 2714 219 2742 ⁹
231 2711 352 2772 Orbitas
365 2729 481 2790 quoque
501 2729 573 2782 mea,
587 2708 666 2788 qudd
680 2709 745 2766 sine
766 2707 869 2768 liberis
882 2727 955 2780 sum,
970 2707 1078 2783 sperni·

59 2815 118 2866 tur.
162 2807 222 2866 Sed
235 2813 314 2866 errat
328 2807 472 2866 Philotas.
516 2803 553 2864 In
567 2804 651 2864 vobis
673 2804 791 2876 liberos,
805 2809 950 2879 parentes,
964 2819 1079 2860 eonsen-

58 2902 184 2980 guineos
197 2901 307 2975 haheo;
328 2899 413 2960 vobis
427 2899 525 2972 salvis,
540 2897 629 2958 orbus
643 2915 708 2956 esse
721 2915 780 2956 non
792 2895 939 2972 possum”

124 2993 361 3071 saepissume
388 2995 493 3052 deinde
522 2992 725 3052 Parmenionis
758 2985 958 3068 interceptam,
991 3009 1079 3070 quam

60 3091 98 3150 ad
124 3089 201 3148 filios
225 3087 401 3148 Nioanorem
428 3095 460 3146 et
486 3087 636 3146 Philotam
663 3085 828 3163 scripserat,
856 3085 971 3161 reoitat,
1000 3085 1079 3146 haud

60 3187 131 3246 sane
146 3185 288 3246 indieinm
301 3183 444 3264 morioris
457 3182 573 3242 oonsilii
592 3181 803 3259 praeferentem.
847 3181 983 3262 Namque
1004 3199 1078 3242 sum·

61 3303 109 3340 ma
136 3284 201 3359 ejus
223 3281 286 3340 haso
313 3264 396 3339 erat:
427 3281 444 3314 “
457 3277 593 3336 Primum
618 3275 710 3336 vestri
736 3296 836 3338 auram
861 3278 949 3356 agite,
971 3275 1077 3336 deinde

60 3383 246 3437 vestrorum:
268 3375 310 3435 sio
334 3375 420 3448 enim,
444 3393 511 3453 quae
535 3371 752 3450 destinavimus,
780 3373 978 3434 efficiemus.’'-
1017 3367 1078 3428 Ad·

67 3472 196 3550 jeaitque
210 3471 287 3546 Rex,
301 3471 342 3532 sio
356 3489 420 3530 esse
444 3469 590 3546 scriptam,
604 3475 647 3544 ut,
663 3469 723 3530 sive
737 3469 775 3528 ad
794 3470 871 3528 lilios
890 3463 1077 3545 pervenisset,

63 3589 80 3626 a
93 3567 217 3627 oonsoiis
230 3572 330 3645 posset
350 3565 488 3645 intelligi,
502 3565 564 3626 sive
587 3565 751 3644 interropta
764 3571 851 3638 esset,
872 3560 989 3620 falleret
1002 3557 1079 3634 igna-

64 3681 119 3722 ros.
163 3663 237 3721 “At
259 3661 337 3720 enim
361 3661 503 3739 Dymnus,
531 3663 600 3720 adm
626 3669 749 3721 oaeteros
777 3655 937 3736 participes
961 3651 1079 3712 soeloris

64 3757 215 3832 indicaret,
230 3756 380 3815 Philotam
403 3775 461 3816 non
483 3757 653 3816 nominarit
697 3754 764 3814 Hoo
787 3749 906 3829 quidem
926 3747 1007 3806 illius
1020 3765 1078 3808 non

66 3848 235 3913 innoeentiae
249 3851 299 3912 sed
312 3852 452 3928 potentioe
465 3849 606 3910 indioium
620 3856 674 3924 est,
688 3845 767 3926 qudd
788 3845 831 3904 sio
845 3844 882 3904 ab
897 3843 933 3902 iis
947 3843 1077 3916 timetur,
