2600 4394
178 371 219 429 62
526 383 672 432 oureus
697 383 840 426 eunnrr

178 523 251 584 lidae
269 523 349 584 foetu
365 529 419 597 eat,
433 541 502 584 veru
522 541 585 582 esse
604 541 670 602 queo
692 523 847 582 affirmaret
869 521 968 600 spado,
982 521 1077 600 eapite
1087 523 1199 583 uelato

179 617 232 677 did
245 618 343 678 fleuit:
364 616 604 696 manantibusque
625 618 719 676 adhue
732 617 875 695 laerymis,
890 623 972 676 veste
985 617 1022 676 ab
1036 635 1086 676 ora
1100 621 1196 695 rejee

178 717 219 788 te,
233 712 270 772 ed
285 711 390 771 ooalum
402 731 505 772 manns
520 713 658 772 tendens:
681 712 760 770 “Dii
779 712 898 790 patrii,”
911 711 1016 789 inquit,
1032 715 1049 745 “
1058 712 1195 788 primdm

177 807 249 865 milri
262 807 391 867 stabilite
404 825 541 886 regnum:
563 806 677 880 deinde,
689 806 744 864 '‘si
758 806 795 865 de
808 825 854 864 me
865 808 927 882 jam
941 811 1124 864 trausaotum
1135 815 1194 880 est,

177 919 286 978 prator,
299 921 336 960 ne
349 901 416 980 quis
438 902 535 977 potius
554 901 638 959 Asius
662 900 729 959 Rex
753 900 802 975 sit,
816 901 904 979 quim
927 899 984 958 iste
1007 906 1069 958 tum
1088 903 1195 977 justus

177 992 280 1068 bostis,
295 1002 356 1052 tam
375 994 541 1054 misericors
553 995 673 1054 vietor.’'

237 1087 296 1146 XI.
319 1083 368 1146 435
388 1087 493 1167 Itaque
505 1107 678 1167 quanquam,
699 1106 772 1166 paee
791 1087 902 1147 fresne
915 1087 961 1148 bis
975 1087 1077 1164 patim,
1091 1088 1196 1146 omnia

178 1181 209 1240 in
218 1181 327 1242 bellum
337 1182 456 1241 oonsilio
467 1190 664 1259 eonverteret3
679 1183 774 1244 viotus
785 1190 882 1242 tamen
891 1182 1070 1242 oontiueutit
1084 1182 1207 1256 boetia,⁸

177 1275 215 1334 ad
228 1295 319 1336 novas
328 1277 408 1354 puois
422 1277 601 1336 eonditiones
615 1277 757 1350 ferendas,
767 1275 868 1336 deoem
877 1275 990 1355 lagatos
999 1283 1194 1353 nogentorum

176 1370 330 1449 principes,
345 1372 443 1430 misit:
463 1391 534 1451 quos
548 1372 717 1432 Alexander
737 1370 857 1430 oonsilio
879 1369 1018 1430 aduooato
1040 1370 1193 1430 introduoi

182 1467 279 1543 jussit
331 1466 358 1526 n
382 1467 489 1546 quibus
511 1469 656 1526 maximus
680 1473 767 1526 natu:
796 1465 972 1538 “Darium''
997 1465 1101 1543 inquit,
1128 1470 1194 1524 “ut

176 1577 276 1636 paoem
290 1581 308 1618 a
320 1567 351 1618 te
361 1562 423 1635 jam
436 1561 490 1620 hoo
501 1562 588 1620 tertid
602 1567 723 1637 peteret,
734 1559 816 1620 nullu
825 1559 870 1618 vis
885 1559 1001 1636 subegit
1007 1579 1016 1634 ς
1040 1559 1093 1618 sed
1103 1560 1192 1635 justi·

177 1653 262 1712 tinet
276 1653 453 1712 continentia
467 1661 519 1712 tue
533 1654 702 1730 ¹exproesit
746 1654 881 1727 Matrem,
893 1656 1054 1731 oonjngem,
1069 1653 1191 1714 liberos·

177 1765 234 1824 que
248 1747 477 1824 ‹ejuauisiqndd
492 1748 554 1806 eine
568 1748 619 1807 illo
634 1756 711 1822 sunt,
726 1754 973 1825 oaptosossenou
986 1749 1086 1808 sensit
1130 1751 1192 1810 Pu·
1278 1803 1279 1822 ,

179 1840 289 1900 dioitiee
302 1859 410 1915 aarum,
421 1861 487 1920 qnae
497 1850 661 1918 supersunt,
671 1863 778 1917 euram,
787 1844 866 1904 haud
877 1841 962 1904 seona'
970 1845 1059 1922 quim
1073 1863 1190 1921 pareus,
1278 1845 1279 1910 ἶ

178 1953 274 2012 egena
299 1934 428 2011 Reginos
452 1936 588 2013 appellas,
609 1937 735 2014 speeiem
758 1938 890 2015 pristinae
913 1939 1038 1998 fortunae
1060 1938 1191 1998 retinere
1278 1993 1279 2008 p

177 2030 293 2108 pateris.
336 2028 462 2090 Vultum
482 2038 564 2090 tuum
578 2031 670 2106 video,
685 2033 780 2110 qualis
794 2033 878 2091 Darii
891 2033 957 2106 fuit,
971 2033 1039 2090 oiim
1058 2033 1189 2092 dimitte

177 2143 274 2183 remur
288 2123 324 2184 ab
338 2141 387 2201 θος
410 2131 440 2184 et
453 2124 503 2184 ille
517 2132 612 2184 tamen
625 2145 754 2200 uxorem,
765 2132 799 2184 tu
812 2126 924 2186 hostem
937 2126 1028 2205 luges
1072 2125 1095 2185 J
1096 2146 1145 2186 am
1158 2127 1191 2186 in

177 2219 238 2278 aoia
261 2226 361 2294 stares,
376 2219 435 2280 nisi
455 2240 526 2281 oure
546 2227 577 2280 to
590 2221 749 2299 sepulturas
771 2223 834 2298 ejus
855 2227 1027 2280 moraretur.
1071 2220 1191 2299 lloquid

177 2315 282 2374 mirum
297 2323 350 2388 est,
365 2316 391 2374 si
405 2323 465 2376 tam
479 2316 516 2376 nb
529 2317 620 2376 amieo
640 2317 735 2376 animo
755 2333 855 2393 paoem
876 2314 974 2392 petit?
1015 2313 1095 2384 Quid
1116 2334 1191 2394 opus

178 2416 223 2468 est
236 2411 331 2482 armis,
346 2411 423 2468 inter
436 2429 509 2487 qnos
522 2411 590 2468 odia
607 2411 725 2470 subluto
744 2411 832 2468 eunti
873 2409 973 2468 Anteio
994 2409 1116 2486 imperio
1135 2419 1190 2472 tuo

177 2503 263 2560 finem
277 2502 443 2561 destinebat
457 2501 558 2578 Halyn
571 2521 692 2576 amnem,
702 2503 754 2580 qui
765 2503 890 2580 Lydiam
902 2503 1046 2564 terminat
1090 2503 1121 2562 N
1122 2524 1189 2580 nuo,

177 2595 318 2673 quidquid
343 2595 419 2652 inter
444 2594 671 2671 Hellespontum
694 2604 725 2656 et
749 2596 931 2674 Euphratem
955 2605 1009 2671 est,
1034 2599 1065 2656 iu
1089 2598 1191 2658 dotem

178 2689 246 2748 filiae
267 2689 361 2761 offert,
385 2707 472 2766 quem
496 2688 551 2748 tibi
573 2690 672 2750 tradit
717 2690 831 2752 Oohum
855 2691 955 2766 filium,
979 2712 1067 2771 quem
1089 2693 1190 2768 habes,

178 2785 257 2862 paois
270 2792 301 2844 et
314 2783 381 2842 fidei
401 2783 530 2844 obsidem
549 2785 651 2844 retine,
695 2785 822 2846 Matrem
837 2794 867 2870 et
881 2787 954 2846 dnae
967 2787 1095 2866 virgines
1113 2788 1191 2848 filias

178 2879 283 2954 redde;
305 2879 376 2956 ’pro
389 2879 485 2940 tribue
499 2880 667 2958 torporibus
681 2881 821 2959 'triginta
841 2881 936 2942 millia
955 2882 1101 2942 talentdm
1114 2885 1190 2958 auri,

179 2980 321 3051 preoatur,
335 2974 466 3050 aooipias.
510 2975 578 3034 Nisi
600 2975 825 3036 moderationem
847 2976 935 3036 animi
953 2977 998 3036 tui
1011 2976 1128 3036 ‘uotum
1140 2978 1191 3038 ba

179 3069 285 3142 berem,
299 3087 357 3128 uon
378 3069 504 3130 dieerem
527 3070 580 3132 hoo
602 3089 666 3130 esse
690 3076 813 3148 tempus,
834 3090 891 3150 quo
914 3091 1014 3149 paoem
1037 3091 1095 3132 eon
1119 3072 1191 3132 duro

53 3217 58 3220 .
180 3162 285 3238 solrim,
299 3162 351 3222 aed
373 3162 461 3224 etiam
480 3183 619 3243 ooeupsre
644 3164 770 3226 deberes.
814 3165 948 3242 Respioe,
962 3173 1103 3246 quautam
1122 3175 1192 3243 post

180 3267 209 3318 te
222 3257 382 3337 reliqueris,
397 3257 509 3318 intuere
529 3266 668 3337 quantum
687 3267 777 3338 petae.
820 3257 1021 3320 Perioulosum
1041 3268 1087 3321 est
1101 3261 1190 3339 'prm

179 3373 268 3432 graue
295 3352 463 3430 imperium;
492 3353 626 3415 ‘difficile
650 3362 697 3414 est
723 3355 878 3430 oontiuere,
900 3355 980 3434 quod
1005 3375 1105 3434 oapere
1132 3375 1193 3416 uon

180 3449 282 3526 poeria
324 3446 456 3508 Videsne
475 3454 510 3508 ut
529 3449 653 3526 nauigia,
667 3469 734 3528 qum
753 3451 870 3510 modum
892 3451 1045 3525 exoednnt,
1058 3450 1121 3528 regi
1140 3469 1191 3513 ne·

180 3542 311 3622 queunt?
351 3543 528 3604 'Nesoioan
548 3543 657 3604 Durius
679 3545 748 3606 ided
769 3551 829 3604 tam
851 3545 947 3606 multu
971 3546 1109 3619 amiserit,
1123 3547 1193 3618 quia

180 3637 358 3718 nimiaeopes
382 3655 495 3718 magum
505 3639 737 3716 jootureeloeum
750 3639 870 3700 inoiunt
912 3640 1041 3700 Facilius
1055 3648 1192 3720 estquae

181 3731 249 3790 dem
268 3734 394 3808 sineere,
406 3735 495 3812 quim
519 3734 611 3794 tueri:
630 3737 729 3814 quiam,
749 3734 876 3808 heronii,
897 3735 1067 3812 expeditius
1090 3754 1192 3794 manua

182 3835 291 3888 nostrae
302 3829 429 3906 rapiunt,
442 3831 531 3908 quim
544 3829 711 3895 continent!
753 3829 824 3908 Ipsa
844 3849 922 3890 mors
943 3830 1043 3890 uxoris
1066 3830 1148 3890 Darii
1161 3836 1194 3890 te
