2642 4386
360 355 483 422 arcun
512 381 584 424 v11.
615 383 698 424 car.
728 383 762 424 x.
1017 365 1068 424 171

85 521 221 579 morituros
255 519 345 578 fuisse
377 519 569 597 respondent:
596 539 673 579 nuuc
700 541 717 579 a
744 525 825 579 tanto
853 519 936 598 Rege
961 519 1072 580 victore

82 614 333 691 omniumgeirtiam
353 615 512 692 majoribus
534 614 594 674 suis
616 614 755 689 redditos,
770 615 920 674 honestam
940 623 1070 690 mortem,

81 729 157 788 qnam
177 710 263 768 fortes
286 709 343 768 viri
366 716 436 768 voto
459 729 573 788 quoque
600 716 778 787 expeterent,
805 710 997 770 ¹car1ninibus
1026 711 1072 770 sui

79 804 158 862 moris
176 803 333 882 laticisque
357 804 508 864 celebrare.
562 805 637 864 Tum
663 805 730 864 Rex
751 804 911 863 admiratus
931 807 1070 882 magnitu-

78 898 164 956 dinem
176 899 268 970 auimi,
283 898 419 968 “Quaero
434 899 559 978 itaque,'³
579 899 683 978 inquit,
706 904 723 934 ‘⁸
733 919 769 958 an
784 901 884 960 vivere
897 900 994 960 velitis
1014 919 1072 960 nou

75 992 173 1050 inimici
184 993 261 1068 milri,
276 995 360 1070 cujus
372 994 510 1054 beneficio
525 994 630 1053 victuri
644 995 715 1054 estis
725 994 739 1052 i
748 995 765 1026 ¹²
806 993 859 1053 Illi
879 996 1026 1073 nunqudm
1040 1014 1071 1054 ss

74 1087 212 1147 'inimicos
234 1089 270 1162 ei,
294 1089 348 1148 sed
371 1088 447 1148 bello
470 1089 629 1162 lacessitos,
650 1089 751 1148 hostes
774 1089 864 1148 fuisse
887 1089 1069 1167 respondent.

72 1181 103 1240 si
115 1183 177 1260 quia
196 1183 273 1260 ipsos
297 1183 445 1258 beneficio,
460 1181 548 1260 quim
571 1183 680 1258 injuris
694 1183 820 1260 experiri
840 1184 998 1258 maluisset,
1013 1203 1072 1242 cer·

70 1284 175 1336 taturus
196 1277 287 1336 fuisse
310 1296 348 1334 ue
372 1277 559 1336 vincerentur
580 1277 679 1334 officio.
730 1276 992 1354 Interrogantique,
1013 1297 1070 1356 quo

66 1373 182 1450 pignore
193 1371 280 1429 iidem
293 1370 452 1446 obligaturi
466 1377 580 1446 esseut,
601 1371 701 1444 vitam,
715 1391 801 1449 quam
823 1371 995 1448 acciperent,
1009 1373 1069 1450 pig·

66 1467 130 1524 nori
142 1466 269 1523 futuram
288 1483 351 1522 esse
373 1463 523 1540 dixerunt3
545 1465 719 1538 reddituros,
740 1465 978 1544 quandocumque
992 1485 1071 1543 repe·
1160 1539 1163 1544 .

64 1564 159 1618 tisset
199 1559 262 1618 Nec
275 1559 447 1636 promissum
467 1559 639 1618 fefellerunt.
682 1560 711 1618 N
713 1579 759 1618 am
772 1561 822 1638 qui
841 1561 955 1619 remissi
970 1561 1071 1619 domos

61 1656 165 1728 ierant,
179 1653 209 1712 iu
221 1654 278 1712 lide
292 1654 462 1712 continuere
483 1653 644 1732 populares.
687 1653 820 1725 Quatuor
841 1655 918 1713 inter
937 1655 1071 1714 custodes

59 1749 189 1826 eorporis
212 1749 319 1808 retenti
349 1748 425 1808 nulli
451 1748 643 1808 Macedonum
665 1749 696 1807 iu
718 1749 829 1827 Regem
850 1750 992 1810 charitate
1014 1769 1071 1810 oes-

58 1851 171 1904 seruut
546 1891 549 1898 ,

121 1943 166 1998 38.
188 1937 225 1996 In
249 1937 404 2016 Sogdianis
427 1938 572 1997 Peucolao
585 1957 652 1996 anm
675 1939 770 1998 tribus
794 1939 927 2000 millibus
941 1939 1071 2016 pediturn

56 2037 165 2113 [nequo
185 2035 261 2092 enim
282 2037 393 2110 majore
416 2033 554 2110 praesidio
579 2033 741 2112 indigebat)
764 2033 875 2107 relicto,
889 2033 1071 2112 Baetraper·

56 2129 149 2191 uenit.
192 2127 266 2207 Inde
291 2128 417 2188 Bessum
440 2127 592 2187 Ecbatana
613 2127 681 2186 duci
701 2129 799 2203 jussit,
814 2128 967 2186 interfecto
981 2127 1072 2186 Dario

56 2241 159 2303 poenas
173 2223 268 2299 capite
290 2221 515 2299 persoluturum.
558 2221 670 2279 Iisdem
694 2223 757 2279 ferd
777 2221 881 2280 diebus
895 2221 1072 2280 Ptolemaeus

56 2328 81 2380 at
98 2317 241 2378 Menidas
262 2316 395 2394 peditum
417 2315 476 2373 tria
499 2313 600 2388 millia,
615 2321 645 2372 et
659 2315 771 2394 equites
792 2315 875 2374 mille
887 2315 1073 2374 adduxeruut
1167 2309 1182 2320 ”

56 2412 192 2474 neroede
213 2411 408 2470 militaturos:
430 2409 601 2468 Alexander
625 2429 742 2489 quoque
762 2429 799 2469 ex
822 2409 915 2488 Irycid
929 2430 995 2469 eum
1008 2411 1073 2489 pari

56 2525 178 2568 numero
203 2507 341 2584 peditum,
367 2512 398 2564 et
424 2505 596 2584 quingentis
625 2505 773 2583 equitibus
791 2506 879 2566 veuit.
936 2505 1072 2565 Totidem

56 2629 60 2659 ι
89 2603 189 2681 Syris
209 2601 452 2678 Asclepiodorum
474 2599 676 2678 sequebantur.
719 2599 881 2678 Antipater
904 2599 1072 2660 Graecorum

59 2707 116 2758 eto
134 2691 239 2770 inillis,
254 2697 285 2756 in
297 2697 381 2775 queis
394 2696 545 2775 quingenti
559 2695 671 2773 equites
692 2703 784 2770 erant,
797 2695 923 2754 miserat.
967 2695 1072 2772 Itaque

56 2793 190 2854 xercitu
216 2799 309 2864 aucto,
337 2791 375 2848 ad
397 2811 440 2864 ea,
467 2810 533 2868 quae
553 2791 714 2850 deiectione
742 2789 860 2848 turbata
880 2795 974 2862 erant,
998 2807 1072 2847 com·

56 2885 194 2950 oneuda
206 2885 365 2962 prooessit:
386 2885 604 2963 interfectisque
619 2885 628 2914 ¹
640 2883 882 2943 consternationis
895 2884 1070 2958 auctoribus,

56 2989 162 3043 uarto
178 2978 280 3037 dicad
300 2979 408 3036 flumen
422 2978 520 3039 Oxum
533 2985 704 3056 perventum
728 2984 791 3036 est:
812 2977 869 3052 hio,
889 2978 958 3056 quia
971 2979 1070 3037 limum

56 3079 146 3146 ehit,
162 3073 304 3134 turbidus
319 3091 432 3148 semper
445 3079 476 3131 et
489 3072 647 3132 insalubris
661 3079 707 3131 est
729 3078 810 3149 potu.
851 3071 955 3151 Itaque
969 3083 1072 3151 putens

56 3173 136 3230 tiles
153 3171 286 3246 creperet
298 3166 405 3226 fodere.
449 3165 478 3224 N
481 3184 514 3224 ec
529 3172 624 3224 tamen
637 3167 724 3224 humo
738 3165 799 3224 altd
814 3170 914 3246 egesta
927 3169 1073 3228 existebat

56 3265 258 3338 amomum
281 3263 312 3321 iu
334 3262 399 3340 ipso
412 3260 599 3322 tabernaculo
612 3260 705 3339 Regis
728 3270 899 3339 conspectus
922 3270 968 3322 est
987 3265 1072 3322 fons:

56 3379 151 3432 uem,
166 3358 241 3436 quia
253 3358 339 3418 tarde
349 3363 530 3431 notaverant,
545 3356 642 3416 subitd
656 3357 790 3416 extitisse
802 3357 958 3417 linxerunt.
996 3358 1073 3417 Rex-

56 3476 96 3516 ιο
115 3454 194 3530 ipse
209 3451 290 3510 credi
301 3451 402 3526 noluit,
417 3451 525 3510 donum
538 3450 596 3510 Dei
608 3451 642 3510 id
653 3451 751 3511 famae.
803 3450 954 3529 Superatis
969 3450 1074 3508 deinde

56 3549 196 3610 mnibus
213 3546 296 3607 Ocho
309 3553 339 3605 et
354 3545 429 3620 Oxo,
443 3546 481 3606 ad
494 3545 596 3607 urbem
610 3545 787 3623 Marginiam
807 3545 947 3622 pervenit
991 3542 1076 3603 (lirae

56 3666 106 3705 tm
138 3661 202 3702 sex
225 3640 340 3719 oppidis
361 3641 520 3700 condendis
545 3641 639 3700 electa
661 3641 744 3700 sedes
758 3646 809 3698 est
851 3637 918 3696 Duo
932 3637 969 3696 ad
993 3637 1076 3696 meri-

56 3759 127 3800 em
154 3755 255 3808 versa,
276 3741 401 3814 quatuor
426 3735 587 3812 spectantia
612 3734 772 3802 Orientem,
796 3730 918 3788 modicis
943 3731 1020 3790 inter
1047 3751 1078 3791 ss

56 3832 166 3896 »asiis
208 3830 368 3903 distabant,
399 3848 437 3888 ue
470 3829 572 3906 procul
603 3827 795 3906 repetendum
833 3832 912 3886 esset
946 3833 1080 3888 mutuum
