2520 4390
374 357 496 398 mann
526 358 560 398 a.
592 359 677 399 our.
717 359 785 400 ιιι.
1030 343 1085 403 1⁰5

64 501 189 557 rentum
202 500 276 569 orat,
288 501 324 554 ut
336 501 397 554 tam
409 495 605 573 perieulosum
617 503 693 556 esset
705 517 763 556 nou
776 499 891 559 eredere
911 499 981 573 suis,
995 503 1084 578 qnam

66 589 174 668 deoipi.
217 589 351 668 Triginta
363 589 457 648 millia
470 597 560 665 eraut,
574 609 694 668 quornm
712 591 851 652 inclinata
863 593 894 652 in
909 593 1003 652 soelus
1015 594 1085 654 levi·

66 692 116 744 tas
137 684 301 744 timebatur.
357 683 488 754 Quatuor
509 683 603 744 millia
625 686 735 745 Patron
754 687 897 764 habebat,
926 689 1031 766 quibus
1059 689 1085 748 si

67 779 260 840 'credidisset
272 778 396 838 salutem
409 764 647 854 snam,‘dumneta
661 781 843 859 popularium
852 783 917 858 fido,
931 783 1085 860 parricidio

69 873 302 934 ⁸exeusationem
316 873 434 934 videbat
447 874 551 934 offerri.
601 874 707 954 Itaque
731 877 909 954 praeoptabat
929 877 1084 952 immerito,

69 971 159 1047 qnam
178 970 243 1045 jure
256 967 368 1028 violari.
430 968 521 1028 Besso
542 975 638 1028 tamen
660 970 831 1030 insidiarum
851 971 1000 1032 eonsilium
1021 991 1085 1049 pur·

67 1063 162 1142 ganti,
176 1062 333 1141 respondit,
356 1063 546 1124 “Alexandri
569 1065 626 1125 sibi
644 1083 701 1124 uon
714 1067 811 1125 minda
829 1067 982 1143 justitiam,
996 1071 1086 1146 quam

67 1159 211 1218 virtutem
232 1177 294 1218 esse
316 1165 500 1236 perspeotana
546 1159 624 1218 Falli
647 1177 696 1219 eos
718 1161 769 1238 qni
790 1162 966 1239 proditionis
989 1162 1027 1222 ab
1051 1179 1086 1220 eo

67 1253 219 1332 praemium
231 1260 406 1330 exspectent.
457 1253 587 1312 Violatae
599 1253 667 1312 fidei
688 1256 831 1314 neminem
845 1257 1004 1316 'aomomm
1023 1257 1086 1316 iore

67 1347 217 1408 vindicam
229 1348 436 1425 ultoremquo.”
488 1346 613 1425 Jamque
631 1367 690 1406 nox
710 1349 869 1426 appetebat,
890 1353 959 1409 otim
978 1352 1085 1422 Persio,

69 1453 153 1502 more
166 1441 252 1501 solito
265 1441 354 1500 armis
367 1441 481 1518 positis,
497 1441 536 1498 ad
548 1443 710 1500 neeessaria
723 1463 759 1502 ex
772 1444 904 1520 proximo
917 1445 982 1504 vieo
996 1445 1087 1504 feren·

71 1537 112 1596 da
135 1537 309 1597 disuurrunt
359 1536 403 1594 At
424 1536 577 1596 Bactriani
599 1537 644 1614 (ut
666 1537 838 1616 imperatum
860 1545 922 1599 erat
944 1559 962 1598 a
983 1539 1087 1618 Besso)

73 1634 95 1662 ¹⁰
106 1631 213 1692 armati
232 1631 355 1692 stabant

133 1731 179 1786 32.
203 1727 286 1786 Inter
299 1728 362 1786 haeo
375 1726 485 1786 Darius
498 1728 678 1788 Artabanum
702 1730 790 1788 aooiri
810 1729 913 1808 jubet,
936 1731 1085 1808 expositis·

70 1843 128 1901 qne
150 1843 215 1902 quas
240 1822 351 1882 Patron
379 1822 533 1898 detulerat,
559 1823 665 1882 “haud
693 1824 853 1900 dubitare,’¹
879 1827 899 1856 ²¹
912 1827 1086 1899 Artaba‘ans,

71 1918 171 1996 “quin
195 1918 403 1978 transeundum
425 1925 504 1977 esset
527 1919 558 1978 in
582 1927 679 1978 eastra
699 1913 1086 2000 Graeeorum,'’[respondit,]

68 2014 200 2073 “Persas
211 2032 327 2091 quoque
341 2013 471 2090 periculo
496 2013 616 2090 vulgato
645 2015 825 2074 secuturos.''
882 2017 902 2046 ¹²
914 2015 1087 2075 Destinatus

72 2108 146 2166 sorti
160 2127 230 2181 snae,
245 2115 275 2166 et
297 2109 358 2182 jam
379 2107 489 2165 nullius
515 2107 640 2166 salubris
654 2109 770 2166 oonsilii
789 2109 912 2185 patiens,
927 2111 1043 2168 unitam
1057 2109 1088 2166 in

72 2201 126 2258 illo
140 2201 259 2258 fortuna
273 2219 366 2278 opem,
378 2200 566 2274 Artabazum,
580 2201 716 2260 ultimdm
732 2202 816 2260 illum
829 2202 953 2275 visurus,
965 2202 1088 2278 amplos·

74 2293 164 2369 titur;
187 2293 208 2322 ¹¹
217 2293 400 2370 profusisque
423 2293 533 2352 mutuis
555 2294 699 2370 lacrymis,
713 2295 901 2354 inhaerentem
922 2295 979 2355 sibi
1003 2295 1089 2354 avelli
1192 2291 1197 2298 ’

80 2389 187 2466 jubet:
208 2387 302 2464 ospite
327 2387 434 2446 deinde
458 2388 554 2448 velato
577 2407 614 2446 ne
628 2389 705 2448 inter
727 2388 855 2467 gemitus
877 2390 1088 2468 digredientem

72 2483 156 2543 velut
177 2503 195 2542 a
217 2501 287 2560 rogo
310 2482 482 2556 intueretur,
503 2483 534 2540 in
555 2483 675 2544 humum
697 2503 821 2561 pronum
844 2503 947 2562 eorpus
971 2485 1085 2563 abjecit

75 2579 151 2638 Tum
173 2578 243 2636 ιιι-ὸ
268 2576 409 2636 oustodiae
432 2579 495 2654 ejus
520 2578 638 2652 assueti,
660 2597 732 2656 quos
752 2579 844 2657 Regis
865 2579 988 2640 salutern
1010 2580 1029 2609 ¹⁴
1039 2580 1087 2640 vel

74 2673 201 2751 perieulo
214 2672 286 2732 vitta
306 2672 384 2732 tueri
405 2672 567 2750 oportebat,
582 2673 687 2750 dilapsi
701 2681 779 2750 sunt,
794 2675 912 2734 armatis
932 2695 1006 2753 quos
1027 2677 1088 2751 jam

75 2767 230 2828 adventare
244 2766 401 2827 eredebant
413 2767 492 2826 hand
506 2768 564 2826 rati
577 2787 608 2828 se
622 2769 738 2828 futuros
751 2787 843 2846 parea
896 2768 1006 2847 Ingens
1020 2769 1088 2846 ergo

74 2862 105 2920 in
129 2860 314 2921 tabernaculo
337 2860 463 2918 solitudo
488 2869 559 2935 erat,
586 2863 686 2938 paucis
714 2861 901 2938 spadonibus,
927 2862 1007 2941 (qnia
1030 2864 1088 2941 quo

76 2956 257 3016 discederent
270 2973 327 3013 uon
349 2954 506 3032 habebant)
521 2956 779 3017 circumstantibus
801 2955 920 3034 Regem
963 2957 1008 3016 Aa
1027 2957 1086 3032 ille,

75 3051 194 3110 remotis
208 3049 336 3123 arbitris,
352 3049 406 3108 did
420 3049 499 3108 aliud
521 3058 609 3129 atque
632 3050 713 3110 alind
735 3052 887 3112 eonsilium
901 3053 995 3114 animo
1010 3054 1087 3114 volu·

77 3147 163 3208 tabat.
217 3145 345 3224 Jamque
369 3144 566 3220 solitudinem,
594 3148 682 3226 quim
705 3147 792 3224 pauld
819 3151 961 3227 antd¹pro
984 3149 1088 3209 solatio

76 3242 227 3320 petiverat,
249 3258 380 3317 perosus,
408 3237 558 3301 Bubaoem
584 3241 681 3300 roeari
712 3242 814 3319 jubet;
849 3263 934 3323 quem
961 3246 1088 3314 intuens,

78 3339 94 3370 “
106 3336 177 3408 Ite,”
193 3333 298 3413 iuquit,
314 3338 331 3370 “
343 3334 485 3394 oonsulite
500 3335 602 3410 vobia;
624 3335 662 3394 ad
682 3336 818 3405 ultimum
839 3337 917 3416 Regi
930 3346 1028 3400 vestro
1044 3335 1091 3408 (ut

79 3430 212 3508 dedebat)
240 3429 297 3488 fide
324 3428 464 3488 exhibita.
503 3428 586 3508 ¹Pago
612 3429 663 3488 hio
689 3431 784 3509 legem
804 3432 859 3492 lati
879 3432 937 3491 mai
959 3435 1087 3504 expecto.

79 3525 215 3584 Forsitan
249 3523 371 3600 numeris,
398 3523 477 3603 qudd
504 3524 595 3584 vitam
627 3545 685 3586 nou
711 3527 826 3586 finiam:
857 3526 951 3584 alieno
979 3518 1090 3578 seelera

79 3623 165 3700 quiam
179 3639 244 3678 meo
258 3618 332 3678 mori
345 3620 449 3678 malo.”
491 3619 568 3680 Post
587 3620 661 3680 hano
682 3640 791 3694 vocem,
806 3619 896 3696 spado
909 3614 1021 3694 gemitu
1033 3631 1091 3672 nou

79 3717 162 3776 modd
188 3714 414 3788 tabernaculum,
439 3715 490 3774 sed
514 3716 602 3774 etiam
626 3723 721 3776 casua
744 3711 909 3787 complevit.
952 3707 1091 3786 Irrnpdra

239 3810 274 3867 5*
