2622 4382
415 413 537 456 aranu
563 411 596 456 a.
626 415 711 457 ear.
739 415 772 458 x.
1043 397 1105 460 267

97 555 291 636 repletumque
314 561 360 614 eat
381 553 518 616 adambus
543 573 663 614 aureum
688 554 802 631 solium,
823 561 854 615 et
877 553 967 634 eapiti
989 553 1105 634 adjeate

96 651 216 711 fortunae
230 654 293 728 ejus
307 650 439 730 insignia
482 649 604 710 Veneno
626 657 762 710 neeatum
787 669 850 710 esee
873 651 1024 711 erediddra
1043 651 1103 730 ple·

95 747 190 826 rique,
212 747 305 806 filium
320 745 474 824 Antipatri
490 746 567 804 inter
580 745 738 820 ministres,
753 745 859 805 Iollam
872 747 997 822 numine,
1010 747 1103 825 patris

100 844 182 920 jussu
195 843 318 901 deditae.
361 841 445 920 Saepd
466 840 546 901 eertd
561 839 661 900 audita
680 847 743 900 erat
754 859 813 901 vox
827 841 1000 917 Alexandri,
1016 842 1102 901 Anti·

95 945 206 1016 patrum
227 939 340 1016 reginm
366 937 502 996 affectare
522 935 684 1016 fastigium,
700 938 921 1018 ¹⁰majoremque
945 957 1008 998 esse
1032 957 1102 1018 prae·

94 1033 160 1092 ieeti
172 1033 290 1112 opibus,
312 1053 346 1093 ae
360 1033 449 1092 titulo
464 1033 614 1111 Spartanae
627 1033 759 1094 vietoriae
776 1033 916 1112 inflatum,
931 1035 1027 1093 omnia
1040 1053 1058 1092 a
1071 1051 1102 1092 se

95 1128 159 1187 data
172 1137 350 1190 asserentem
372 1129 436 1189 sibi.
480 1128 646 1189 Credebant
659 1129 755 1207 etiam,
771 1129 925 1189 Craterum
946 1149 1012 1189 eum
1025 1137 1101 1189 vete·

94 1243 155 1282 rum
178 1225 305 1295 militum
332 1243 420 1283 manu
443 1223 481 1282 ad
508 1223 738 1282 interficiendum
766 1243 832 1282 eum
858 1225 987 1292 missum.
1030 1225 1102 1285 Vim

94 1327 187 1378 autem
196 1321 310 1394 veneni,
324 1319 402 1399 quod
415 1319 447 1378 in
462 1317 636 1377 Macedonia
648 1318 788 1398 gignitur,
799 1319 888 1377 talem
902 1339 965 1378 essa
979 1328 1101 1396 constat,

94 1417 114 1446 ¹¹
121 1423 156 1474 ut
167 1418 277 1475 ferrum
290 1415 406 1494 qudque
428 1419 539 1474 exurat.
581 1413 730 1492 Ungulam
749 1415 875 1492 jumenti
897 1413 1040 1474 duntaxat
1055 1437 1102 1494 pa·

92 1511 213 1570 tientem
226 1529 288 1570 esse
304 1511 391 1570 sueei.
435 1509 556 1590 Stygem
577 1509 726 1589 appellant
737 1511 857 1585 fontem,
872 1529 909 1570 ex
922 1531 980 1591 que
1001 1513 1102 1590 pestif-

92 1625 172 1666 erum
185 1607 266 1667 virus
287 1612 407 1665 emanat.
451 1605 518 1666 Hoe
530 1625 582 1684 per
597 1605 791 1667 Cassandrum
810 1605 931 1666 allatum
950 1609 1101 1668 traditum·

91 1723 146 1784 qua
160 1703 245 1762 fratri
268 1701 363 1778 Iollae,
377 1709 408 1762 et
429 1702 467 1764 ab
492 1721 526 1762 eo
551 1721 694 1782 supremae
713 1701 806 1782 Regis
827 1703 940 1782 potioni
963 1705 1099 1765 inditum.

92 1799 113 1830 ²¹
122 1797 205 1872 Haeo,
219 1805 375 1877 uteumque
388 1803 457 1856 sunt
470 1797 590 1872 tradita,
606 1816 713 1872 aarum,
728 1817 802 1877 ques
815 1817 914 1858 rumor
927 1807 1099 1878 asperserat,

89 1913 157 1954 mex
169 1895 300 1972 potentia
314 1893 448 1953 extinxit.
491 1893 629 1974 Regnum
643 1893 720 1952 euim
734 1893 916 1956 Maeedeniae
929 1895 1099 1974 Antipater,

90 1997 120 2050 et
142 1989 284 2050 Graeeiam
304 2009 417 2070 quoque
438 1990 553 2051 invasit.
605 1989 725 2052 soboles
747 1989 852 2050 deinde
875 1992 998 2069 exeepit,
1011 1993 1100 2052 inter·

89 2087 172 2146 fectis
186 2087 328 2160 omnibus,
342 2087 515 2166 quicumque
529 2085 843 2168 Alexandrumetiam
863 2085 1023 2165 longinqua
1037 2106 1100 2166 eog-

87 2183 206 2242 natione
230 2183 417 2260 contigerant.
475 2179 623 2241 ueterum
647 2201 753 2260 eorpus
774 2184 838 2259 ejus
861 2181 1032 2257 Ptolemaeo,
1053 2183 1101 2241 eui

89 2279 241 2358 AEgyptus
255 2285 390 2354 cesserat,
404 2277 575 2354 Memphim,
590 2284 620 2336 et
633 2277 702 2336 inde
717 2278 818 2356 paucis
831 2279 898 2356 pdst
913 2278 995 2337 anuis
1009 2277 1100 2337 Alex·

88 2375 222 2435 andriam
235 2373 410 2435 translatum
424 2379 477 2449 est,
492 2373 642 2454 omnisque
661 2373 809 2436 memoriae
830 2393 864 2435 ae
885 2373 995 2434 nomini
1008 2373 1100 2435 honos

87 2469 220 2533 habetur.
