2520 4390
330 379 451 422 urens
482 379 515 420 v.
547 379 632 422 oen.
664 379 716 422 vr.
989 363 1030 424 st

50 537 51 546 ¹
69 516 260 596 relinquerent,
273 516 379 596 quibus
388 515 432 576 nil
444 517 542 594 pstrit
555 517 651 578 eerine
665 518 738 578 est'¹
760 517 853 578 Penei
865 517 954 596 hujus
966 537 1020 578 een

50 613 131 672 entiae
150 613 236 672 fuere.
278 611 408 672 Gaeteros
428 612 447 641 ¹⁰
457 613 646 688 consuetudo,
660 617 767 672 netnrt
779 615 934 691 potentior,
947 614 1019 674 vioit

50 705 235 766 Jonseusemnt
256 706 414 784 petendum
438 725 501 766 esee
516 707 639 784 eRege,
654 715 688 766 ut
707 707 832 785 aliquam
851 709 924 786 ipsis
947 709 1027 768 sttri·

50 808 131 858 ›ueret
149 801 247 860 sedem
291 799 417 862 Gentem
439 801 477 860 ed
498 801 553 860 hoo
574 801 643 860 loeti
662 809 749 878 eunt,
772 821 844 880 qnos
858 803 1028 864 Alexander

50 902 119 968 etus,
131 895 199 973 qnod
222 895 285 972 ipse
309 902 448 972 praestnre
469 895 624 974 eogitebet,
644 896 808 973 petituros:
829 899 845 930 “
857 896 880 956 J
882 898 1026 972 umente,”

50 989 126 1067 nquit,
149 989 322 1068 “essigneri,
346 1009 412 1069 quse
435 1007 487 1050 voe
511 989 658 1064 veherent,
686 997 717 1050 et
742 990 868 1070 singulis
894 995 1027 1052 vestrum

50 1083 104 1141 olle
128 1083 275 1142 denorin'tm
303 1083 367 1142 dori
390 1083 474 1160 jussi
532 1082 609 1144 oum
635 1084 783 1144 redieritis
811 1085 843 1144 in
872 1084 1025 1162 erectam,

59 1178 200 1255 praestebo,
213 1197 251 1238 ne
275 1179 342 1256 quis
364 1185 474 1238 stetum
495 1197 588 1252 sunm,
603 1179 624 1208 ⁸²
637 1180 663 1238 si
683 1180 745 1240 haeo
765 1179 917 1240 oelemites
939 1181 1025 1254 obsit,

50 1281 117 1332 estro
130 1273 227 1332 eredat
249 1291 313 1332 esse
335 1273 512 1332 meliorem.''
553 1272 614 1346 Illi,
629 1273 738 1334 obortis
758 1274 904 1351 lnorymie,
918 1283 1026 1334 terrem

50 1367 211 1440 tuebuntur,
239 1385 293 1424 neo
327 1372 379 1423 ant
412 1365 523 1443 erigere
549 1365 660 1441 vuitus
687 1373 738 1426 ont
764 1366 845 1445 loqui
871 1367 1025 1428 endebent

50 1459 149 1518 andem
172 1459 254 1536 Rege
277 1458 408 1518 tristitiae
428 1477 543 1518 oensem
564 1459 707 1536 exigente,
729 1460 900 1539 Enthymon
922 1461 1029 1522 similis

50 1572 66 1626 r,
79 1573 143 1630 quse
165 1553 196 1612 in
217 1552 337 1613 oonsilio
351 1553 471 1627 dixerut,
492 1554 652 1632 respondit.
694 1555 796 1634 Atque
817 1555 877 1630 ille,
898 1557 1026 1616 nonfur-

50 1667 98 1708 nae
111 1648 205 1706 solnm
229 1667 335 1722 eorum,
356 1648 408 1708 sed
431 1649 519 1708 etiem
539 1649 750 1727 ’'poenitentiae
774 1650 918 1725 misertus,
942 1658 1026 1710 terne

50 1743 108 1800 illie
130 1743 282 1802 deneriirm
304 1743 426 1820 singulis
447 1744 509 1805 deri
530 1746 629 1822 jussit,
671 1745 763 1806 Denae
783 1753 879 1806 vestes
900 1745 1024 1823 edjeotss

50 1844 91 1911 nt,
115 1844 146 1896 et
166 1845 297 1896 nements
319 1857 385 1897 oum
408 1839 562 1916 pecoribus
586 1859 619 1900 eo
642 1841 787 1902 frumento
814 1841 893 1916 dete,
912 1847 947 1900 ut
967 1840 1025 1902 ooli

50 1932 128 2010 rique
142 1932 302 1994 attributus
315 1933 354 1992 iis
367 1952 436 2010 eger
449 1941 556 2011 posset

73 2027 200 2102 vien.
223 2028 347 2087 Postero
371 2028 418 2088 die
446 2037 617 2088 oonvoontoe
641 2030 729 2089 dnoes
755 2029 904 2108 oopiurnm
931 2029 1024 2106 dooet,

50 2121 123 2180 llam
136 2121 317 2180 infestiorem
329 2122 430 2182 urbem
444 2121 554 2184 (tresis
573 2143 646 2198 esse,
659 2126 748 2202 quium
767 2125 878 2203 regium
890 2132 1025 2185 veterum

50 2216 147 2274 insidis
171 2216 297 2294 Regum.
340 2216 421 2276 Hino
444 2217 497 2274 ille
515 2218 656 2276 immense.
676 2218 790 2294 sgminn
804 2219 936 2276 ¹infues:
958 2218 1026 2278 hine

51 2310 137 2368 orium
164 2309 259 2387 priris,
288 2309 393 2368 deiude
423 2309 562 2384 Xerxem,
591 2310 720 2388 Europoe
746 2311 867 2388 impium
893 2312 1027 2372 intutus

51 2405 130 2462 ium.
173 2403 302 2462 Exoidio
315 2403 396 2462 illiue
415 2403 626 2481 perenitendum
649 2424 712 2464 esse
735 2405 902 2484 mejoribus
944 2406 1026 2466 Jem-

51 2520 62 2557 e
92 2497 232 2573 Barbari,
257 2498 374 2558 deserto
398 2498 513 2576 oppido,
536 2500 597 2578 quie
619 2519 762 2579 quemque
788 2507 884 2560 metus
910 2502 1024 2581 egebat,

51 2595 207 2672 ingerant3
244 2594 312 2652 oiim
339 2593 407 2654 Rex
433 2594 604 2672 phalangem
637 2595 680 2654 nil
713 2603 866 2656 ounotntue
899 2597 1020 2656 indnoit

51 2689 120 2748 ‚itae
145 2688 236 2748 urbes
258 2689 383 2748 referteo
410 2688 559 2767 opulentis
584 2691 667 2768 regit
695 2693 803 2768 purtim
831 2696 1025 2768 expugntret,

52 2785 114 2840 tim
128 2783 162 2842 in
176 2783 265 2842 fidem
279 2791 437 2860 eooeperst
480 2783 539 2843 Sed
561 2785 644 2846 urbis
665 2785 754 2862 hujus
778 2785 892 2844 divitius
905 2785 915 2812 ¹
927 2785 1025 2846 vioere

51 2877 170 2936 eterits
215 2876 254 2936 Iu
276 2877 349 2936 hene
368 2878 460 2938 totins
483 2877 616 2938 Persidis
638 2898 707 2956 opes
728 2885 933 2957 congesserunt
954 2879 1026 2940 Ber·

51 2973 90 3028 i:
114 2989 234 3044 eurum,
261 2979 468 3052 argentumque
492 2973 673 3034 oemulatum
697 2979 779 3034 eret:
810 2973 900 3034 vestis
923 2973 1025 3054 ingens

51 3067 130 3124 ius:
153 3065 299 3144 supellex,
312 3085 369 3126 non
393 3067 430 3126 nd
453 3087 538 3128 usum
559 3067 654 3146 modo,
671 3067 723 3127 ned
743 3067 781 3128 ed
801 3069 1024 3132 ostentstionem

52 3166 90 3220 us
117 3168 296 3238 comparate
340 3161 446 3240 Iteque
470 3163 547 3222 inter
571 3163 650 3240 ipsos
663 3163 789 3224 vietores
811 3165 888 3226 terro
909 3165 1024 3226 dimioe·

52 3277 92 3316 nr.
141 3255 207 3316 Pro
231 3255 317 3316 hoste
341 3264 405 3316 eret
426 3257 477 3336 qni
499 3257 700 3334 pretiosiorem
720 3259 931 3338 'oooupeverst
951 3281 1024 3338 prae·

52 3371 73 3408 1.
102 3349 192 3408 ·⁴Et
215 3352 284 3412 onim
298 3351 395 3410 omnin
416 3371 484 3430 quse
504 3352 690 3430 reeipiebent,
704 3373 806 3433 oepere
826 3373 884 3416 non
897 3360 1025 3432 possent,

52 3467 63 3502 ι
90 3463 143 3502 res
170 3464 232 3504 non
254 3445 551 3524 ooeupsbentnr„sed
572 3449 799 3510 eeetimsbentur.
843 3447 1026 3508 Lsoersbsnt

55 3559 95 3598 as
111 3547 230 3614 vestes,
245 3541 283 3600 sd
307 3560 338 3600 se
351 3541 475 3620 quisque
498 3549 610 3620 pentem
623 3545 792 3606 trahentes:
814 3543 941 3602 dolabris
962 3557 1025 3616 pre·

52 3654 78 3693 re
94 3635 178 3692 eutis
192 3653 266 3696 vesu
278 3636 447 3697 eaedebent:
467 3638 542 3698 nihil
561 3659 655 3720 neque
675 3641 818 3700 intentum
831 3642 904 3710 eret,
917 3652 970 3692 neo
985 3633 1026 3696 in·

54 3749 115 3788 um
130 3729 297 3790 ferebatur.
348 3731 486 3810 Abrupte
506 3734 729 3794 simuleororum
742 3731 879 3804 membre,
900 3737 935 3790 ut
947 3729 1025 3809 qnis-

77 3824 246 3899 evelleret,
274 3825 428 3888 trehebot:
457 3847 551 3906 neque
577 3827 700 3888 sveritie
727 3825 832 3902 solnm,
858 3826 910 3888 sed
937 3825 1025 3886 etiem
