2520 4390
918 321 936 366 l

349 405 471 448 arsura
493 405 547 447 vr.
575 407 660 448 car.
690 409 762 448 vrr.
1007 391 1063 452 125

46 551 145 605 turres
170 545 318 606 admoveri
335 546 438 622 jubet:
467 545 587 626 ipsoque
614 554 734 624 aspectu
760 546 858 608 territi
885 545 1019 625 Barbtri,
1045 565 1063 608 e

45 641 141 700 muris
166 642 188 669 ²¹
202 641 319 719 supinas
343 660 445 700 manus
468 642 622 702 tendentes
646 662 728 702 orare
756 649 910 720 coeperunt,
937 643 1010 702 iram
1030 643 1062 702 iu

46 735 266 808 Satibarzanem
293 735 465 796 defectionis
494 744 642 796 'auctorem
669 746 849 815 reservaret3
883 737 1061 816 supplicibus

46 837 143 888 semet
166 831 337 890 dedentibus
358 839 500 908 parceret.
543 831 619 907 Rex,
644 831 714 890 date
738 833 834 906 veuit,
857 851 916 892 non
938 833 1060 892 obsidio·

45 945 114 984 nem
137 927 221 984 modd
243 927 340 1000 solvit,
364 927 415 986 sed
438 927 534 986 omnia
557 945 611 985 sua
632 927 735 986 incolis
755 927 894 987 reddidit.
935 927 986 986 Ab
1006 928 1062 986 hac

44 1021 119 1080 urbe
152 1021 292 1099 digresso,
322 1022 556 1099 supplementum
589 1041 729 1082 uovorum
763 1023 891 1082 militum
925 1023 1058 1082 occurrit

46 1115 149 1175 Zoilus
174 1117 347 1195 quingentos
369 1117 478 1175 milites
500 1137 537 1176 ex
559 1117 673 1177 Graeeit
694 1119 874 1178 adduxerat:
896 1118 954 1178 tria
967 1117 1061 1178 millia

43 1230 81 1268 ex
104 1211 227 1289 Illyrico
252 1213 412 1289 Antipater
432 1212 559 1270 miserat.
603 1213 739 1272 Thessali
760 1214 874 1292 equites
893 1221 1009 1272 eentum
1030 1221 1061 1274 et

43 1305 168 1385 triginta
190 1327 258 1365 cum
280 1307 418 1384 Philippo
444 1314 533 1365 erant.
578 1306 627 1366 Ex
651 1307 749 1384 Lydis
769 1309 827 1366 duo
840 1307 933 1366 millia
947 1315 977 1366 et
997 1328 1060 1368 sex·

43 1402 132 1475 eenti,
158 1401 330 1479 peregrinus
353 1402 446 1474 miles,
470 1401 660 1460 advenerant:
688 1403 811 1462 trecenti
833 1403 946 1480 equites
966 1403 1061 1480 gentis

44 1495 178 1570 ejusdem
193 1497 395 1574 sequebantur.
438 1495 507 1554 Hic
527 1515 615 1554 manu
636 1496 754 1573 adjectt
774 1496 907 1575 Drangea
920 1498 1060 1575 pervenit.
1103 1485 1106 1491 Δ

44 1590 195 1648 Bellicosa
217 1590 297 1648 natio
312 1597 364 1650 est.
408 1589 547 1668 Satrapes
570 1598 634 1650 erat
658 1591 878 1666 Barzaentes‚²¹
891 1592 1009 1652 sceleris
1030 1593 1061 1652 in

43 1684 157 1763 Regem
181 1705 266 1743 suum
289 1685 434 1763 particeps
449 1685 548 1745 Besso.
591 1685 624 1745 Is
649 1687 864 1765 suppliciorum,
879 1707 946 1767 quae
967 1708 1061 1748 meru·

44 1788 114 1854 erat,
126 1787 215 1856 metu,
230 1781 358 1859 profugit
373 1781 404 1840 in
418 1781 543 1842 Indiam.

104 1875 179 1934 VII.
207 1880 249 1934 19.
272 1876 344 1934 Jam
357 1897 464 1936 nonum
486 1877 563 1936 diem
584 1878 692 1938 stativa
705 1880 880 1954 erant,.etlm
894 1882 1014 1938 externb
1029 1879 1060 1940 vi

43 1989 101 2029 non
114 1979 197 2030 tutus
221 1971 308 2032 modd
323 1971 399 2046 Rex,
415 1973 467 2031 sed
481 1973 616 2048 invictus,
637 1974 775 2032 intestino
790 1975 918 2058 facinore
942 1973 1060 2052 peteba-

43 2073 101 2124 tur.
144 2067 277 2143 Dymnus
300 2068 420 2126 modieee
445 2067 524 2144 apud
546 2067 658 2146 Regem
673 2069 875 2128 ¹auctoritatis
897 2076 928 2128 et
947 2070 1059 2146 grstia,

43 2160 164 2232 exoleti,
179 2161 225 2218 cui
241 2159 417 2220 Nicomacho
432 2169 497 2220 erat
519 2181 631 2237 nomen,
645 2183 742 2222 amore
756 2163 907 2242 flagrabat,
923 2163 1061 2240 obsequio

42 2253 97 2312 uni
119 2253 176 2312 eibi
199 2254 292 2312 dediti
314 2255 442 2331 corporis
458 2255 581 2312 vinctus.
624 2255 666 2330 Is,
680 2257 759 2334 quod
783 2276 819 2316 ex
839 2257 925 2316 vultu
946 2275 1062 2334 quoque

41 2347 170 2425 perspici
183 2355 308 2424 poterat,
324 2347 428 2406 similis
443 2333 568 2406 attonito
582 2351 702 2410 remotis
723 2349 842 2410 arbitris
863 2368 929 2409 cum
952 2353 1061 2428 juvene

43 2444 167 2502 secessit
190 2443 220 2500 in
243 2443 401 2520 templum;
424 2463 528 2502 areana
543 2463 573 2503 se
588 2451 618 2502 et
639 2445 754 2506 silenda
775 2447 878 2506 efferre
897 2448 1059 2524 praefatus:

43 2554 265 2616 suspensumque
279 2537 502 2615 exspectatione,
516 2557 569 2615 per
582 2547 711 2598 mutuam
724 2541 875 2600 caritatem
889 2548 919 2600 et
937 2542 1060 2622 pignora

41 2632 190 2712 utriusque
202 2633 291 2692 animi
305 2641 397 2712 rogat,
412 2640 446 2692 ut
467 2633 586 2693 affirmet
602 2636 799 2712 jurejurando,
814 2655 879 2716 quae
899 2637 1059 2698 commisis-

44 2733 97 2802 set,
112 2727 227 2788 silentio
241 2747 303 2788 esse
318 2736 470 2790 tecturum.
513 2729 554 2788 Rt
568 2730 640 2790 'ille
652 2739 735 2791 ratus
754 2731 839 2806 nihil,
854 2730 953 2810 'quod
973 2733 1061 2792 etiam

42 2841 109 2881 cum
134 2824 263 2900 perjurio
287 2824 479 2902 detegendum
500 2825 584 2900 foret,
607 2825 812 2900 indicaturum,
833 2843 884 2902 per
904 2833 1061 2902 praeseutes

42 2919 121 2978 Deos
140 2919 229 2993 jurat.
271 2919 346 2976 Tum
365 2919 497 2997 Dymnus
518 2921 621 2998 aperit,
643 2919 676 2978 iu
696 2920 817 2980 tertium
838 2919 916 2979 diem
935 2920 1057 2982 iusidias

41 3011 122 3091 Regi
135 3017 323 3089 comparatas,
339 3032 424 3091 seque
436 3015 499 3090 ejus
513 3015 626 3074 consilii
640 3015 766 3075 fortibus
776 3015 847 3075 viris
858 3023 888 3076 et
897 3017 1060 3079 illustribus

43 3128 105 3168 esse
129 3107 327 3186 ⁴participem.
370 3107 483 3178 Quibus
504 3111 618 3186 juvenis
642 3109 748 3169 auditis
777 3130 808 3170 se
830 3114 899 3172 verb
920 3113 1006 3173 fidem
1029 3115 1060 3174 in

41 3203 197 3284 parricidio
220 3203 333 3262 dedisse
347 3203 531 3262 ‘constanter
554 3205 664 3280 abnuit,
688 3225 742 3264 nee
767 3207 829 3266 ulla
852 3209 1000 3290 religione,
1024 3217 1061 3269 ut

43 3299 136 3360 scelus
158 3306 248 3379 tegat,
272 3317 357 3377 posse
380 3299 545 3379 constringi.
601 3300 731 3380 Dymnus
754 3309 784 3361 et
808 3323 904 3364 amore
928 3313 958 3364 et
981 3311 1061 3364 metu

42 3413 149 3469 amens,
170 3394 302 3454 dextram
323 3394 430 3454 exoleti
450 3395 616 3473 complexus
636 3404 666 3456 et
686 3398 855 3478 lacrymans,
870 3419 960 3474 orare,
976 3403 992 3432 “
1003 3397 1057 3475 pri-

40 3493 120 3549 mhm
131 3497 165 3548 ut
177 3489 321 3569 particeps
333 3490 449 3550 consilii
461 3491 611 3572 operisque
623 3493 721 3554 fieret:
742 3495 768 3554 si
788 3495 820 3554 id
840 3494 984 3554 sustinere
1002 3509 1060 3550 nou

41 3592 146 3663 posset,
160 3592 288 3645 attamen
300 3605 336 3644 ne
349 3586 486 3664 proderet
499 3605 539 3663 se,
553 3589 634 3666 cujus
648 3609 718 3669 erga
737 3589 832 3667 ipsum
851 3584 1061 3648 benevolentia

41 3687 146 3758 praeter
160 3679 219 3738 alia
232 3679 287 3738 hoo
300 3699 410 3759 quoque
423 3681 542 3743 haberet
551 3683 742 3744 fortissimum
755 3684 870 3760 pignus,
884 3679 963 3758 qubd
975 3687 1061 3758 eaput

42 3795 125 3836 suum
137 3775 319 3852 permisisset
331 3775 398 3834 fidei
419 3777 513 3836 adhuc
527 3769 714 3856 inexpertae.”
756 3775 807 3834 Ad
826 3773 961 3832 ultimum
981 3795 1060 3836 avar·

41 3869 101 3931 sari
114 3869 209 3950 seclus
221 3877 452 3948 perseverantem
466 3878 547 3932 metu
554 3872 658 3932 mortis
672 3875 779 3946 terret;
802 3871 821 3904 “
832 3868 888 3928 ‘ab
902 3869 953 3928 illo
967 3871 1061 3949 eapite
