2520 4390
314 415 438 459 arnna
465 416 513 460 ιν.
544 419 631 460 ear.
663 419 728 462 xv.
991 403 1031 463 75

53 555 128 614 Multi
139 557 197 633 ergd
210 555 398 614 Macedonum
419 557 513 634 primo
534 559 646 636 impetu
669 558 690 588 ¹⁸
699 557 802 618 obtriti
823 563 909 618 sunt:
930 557 1030 636 plnres

50 651 81 708 ad
102 651 280 709 Alexandrum
303 652 479 729 refugerunt
531 653 606 712 Tum
630 653 730 713 Persae
752 653 877 712 elamore
903 654 1028 730 sublato,

48 745 145 823 qualem
158 746 269 804 meteres
284 747 380 804 solent
394 747 489 822 edere,
502 737 638 806 ferooiter
652 750 682 806 in
696 749 808 806 hostem
822 749 905 827 quasi
918 749 1026 827 ubique

46 841 211 918 profligatum,
233 841 393 899 inonrrunt.
436 843 606 902 Alexander
629 844 748 901 territos
762 844 912 920 castigare,
927 843 1026 904 adhor-

45 935 108 1010 tari;
125 935 260 1016 praelium,
282 937 361 1016 quod
379 939 440 1013 jam
463 938 640 1016 elanguerat,
665 938 744 997 aolus
766 939 938 1014 aeeendere;
961 957 1024 997 oon·

42 1031 195 1110 firmatisque
219 1031 337 1090 tandem
364 1033 468 1091 animis
495 1034 538 1091 ire
564 1033 595 1090 in
616 1033 729 1091 hostem
753 1032 844 1109 jubet.
889 1033 909 1062 ¹¹
919 1033 1026 1092 Rarior

39 1124 104 1182 aeies
117 1131 171 1182 erat
188 1125 215 1182 in
229 1125 304 1184 laevo
326 1141 415 1184 eornu
438 1125 615 1186 Persarum:
634 1145 759 1205 namque
782 1126 850 1186 inde
875 1127 1025 1186 Baetriani

36 1218 200 1278 decesserant
221 1219 258 1277 ad
272 1220 459 1297 opprimenda
479 1221 692 1298 impedimenta
736 1219 842 1299 Itaque
856 1221 1025 1282 Alexander

33 1312 134 1372 laxatos
148 1315 257 1372 ordines
270 1315 392 1388 invadit,
407 1323 438 1372 et
447 1315 541 1372 multa
556 1315 634 1373 oaede
645 1315 772 1372 hostium
786 1315 938 1373 invehitur.
981 1316 1026 1374 At

33 1408 77 1484 qui
90 1408 118 1464 in
131 1409 227 1466 dextro
236 1427 326 1465 eornu
341 1415 423 1465 erant
432 1407 542 1481 Persa,
557 1427 607 1484 spe
620 1425 706 1484 posse
717 1427 782 1465 eum
795 1407 913 1481 ineludi,
925 1427 1026 1485 agmen

33 1521 109 1558 suum
122 1521 138 1558 a
151 1508 228 1579 tergo
242 1500 262 1530 ¹⁸
271 1501 436 1559 dimicantis
450 1509 605 1578 opponunt.
649 1503 669 1530 ¹⁹
680 1501 844 1580 Ingensque
866 1501 1025 1580 perieulum

33 1596 58 1651 in
71 1595 160 1654 medio
173 1595 282 1654 haerens
296 1595 424 1672 adiisset,
437 1597 469 1654 ni
484 1597 598 1675 equites
607 1597 741 1675 Agriani,
756 1595 916 1656 oaloarlbus
930 1597 1025 1656 subdi·

33 1689 71 1760 ais,
100 1691 281 1748 eboumfusos
302 1691 379 1768 Regi
402 1689 548 1750 Barbaros
570 1691 666 1750 adorti
693 1698 798 1766 essent,
826 1691 1024 1772 ”aversosque

33 1783 153 1843 sedendo
178 1784 208 1842 in
235 1803 266 1843 se
293 1785 404 1844 obverti
430 1786 599 1863 oodgissent.
652 1785 782 1845 Turbata
809 1793 873 1844 erat
899 1793 1024 1864 utraque

33 1880 101 1936 ¹oies.
142 1879 308 1938 Alexander
335 1887 365 1939 et
393 1900 412 1938 a
437 1881 534 1938 fronte
560 1888 591 1940 et
615 1901 632 1939 a
655 1888 737 1960 tergo
757 1881 870 1940 hostem
890 1879 1022 1940 habebat

33 1977 35 2002 ³
50 1973 106 2043 Qui
120 1995 218 2034 averso
232 1976 259 2034 ei
271 1975 427 2052 instabant,
442 1975 479 2035 ab
493 1976 632 2055 Agrianis
653 1976 795 2035 militibus
808 1977 1022 2054 premebantur.

33 2069 171 2142 Bactriani,
185 2067 398 2145 impedimentis
408 2069 534 2127 hostium
547 2069 677 2147 direptis,
692 2069 811 2144 reversi,
826 2069 941 2128 ordines
956 2089 1024 2128 snos

33 2181 180 2238 {superare
206 2181 264 2220 non
290 2169 432 2239 poterant.
489 2163 581 2221 Plura
607 2163 694 2221 simul
721 2163 846 2239 abrupta
868 2183 886 2222 a
909 2165 1025 2222 oaeteris

33 2257 128 2334 gmina
141 2255 317 2332 ubioumqud
327 2255 419 2313 aliurn
434 2255 484 2312 alii
497 2257 557 2314 fors
565 2256 730 2330 miscuerat,
745 2255 929 2315 dimieabant.
959 2257 1026 2315 Duo

33 2367 119 2426 eges,
131 2349 242 2424 junotis
255 2350 344 2426 prope
358 2349 528 2426 agminibus,
543 2349 675 2426 praelium
689 2347 889 2408 aeeendebent
919 2349 1025 2409 Plures

33 2463 113 2502 ersae
140 2443 291 2502 cadebant.
347 2441 408 2500 Par
434 2443 524 2526 iermd
551 2443 697 2522 utrimque
730 2437 866 2502 numerus
892 2443 1024 2504 vulnera-

33 2547 102 2596 tur.
148 2535 246 2597 Curru
261 2535 376 2612 Darius,
392 2537 560 2596 Alexander
574 2557 647 2616 equo
660 2537 827 2598 vehebatur.
856 2538 1023 2619 Utrumque

35 2633 112 2691 leoti
135 2633 305 2706 tuebantur,
329 2633 374 2691 sui
396 2633 591 2692 immemores:
612 2633 718 2711 quippb
741 2633 845 2692 amisso
868 2633 948 2712 Rege
969 2655 1022 2693 neo

33 2729 143 2786 lebant
166 2727 244 2786 salvi
265 2745 336 2801 esse,
350 2745 403 2785 neo
424 2735 568 2804 poterant.
612 2729 692 2786 Ante
714 2729 815 2786 oeulos
833 2729 879 2786 sui
898 2730 1022 2806 quisque

33 2824 96 2901 egis
120 2831 251 2882 mortem
273 2823 442 2881 ooeumbere
465 2822 608 2882 dueebant
631 2823 786 2900 egregium.
829 2821 1022 2880 ”Maximum

33 2935 98 2975 nen
121 2918 289 2993 perieulum
311 2917 437 2991 adibant,
460 2935 532 2996 quos
558 2917 684 2974 maximis
707 2915 879 2975 tuebantur:
914 2916 1020 2995 quippe

33 3015 50 3070 i
68 3012 204 3090 quisque
218 3011 285 3079 oaesi
299 3011 392 3089 Regis
406 3011 562 3089 expetebat
574 3011 670 3069 deous.
692 3081 693 3084 Ἴ

51 3111 106 3165 59.
133 3106 298 3183 anterdm,
312 3105 373 3166 rive
385 3105 406 3135 ¹⁸
417 3105 577 3165 ludibrium
591 3105 747 3179 oculorum,
757 3105 818 3165 sive
831 3122 901 3166 vera
910 3109 1019 3184 speeies

33 3213 56 3276 t,
76 3203 135 3280 qui
151 3203 235 3261 eirea
248 3201 452 3261 Alexandrum
473 3207 564 3275 eraut,
579 3199 687 3259 vidisse
701 3219 732 3259 se
752 3201 939 3261 erediderunt
952 3223 1020 3282 pau·

33 3307 85 3354 im
118 3317 217 3374 super
243 3303 332 3374 eaput
359 3295 452 3372 Regis
477 3293 591 3372 plaoidd
618 3295 762 3354 volantem
786 3297 931 3375 aquilam3
962 3315 1020 3355 non

34 3394 95 3450 itu
120 3411 286 3466 armorum,
308 3411 367 3450 non
396 3390 507 3468 gemitu
528 3389 713 3448 morientium
735 3392 882 3467 territam;
913 3391 1021 3466 diuque

33 3507 67 3546 aa
83 3503 206 3564 equum
223 3485 394 3560 Alexandri,
409 3485 546 3563 pendenti
567 3485 668 3562 magis,
682 3505 769 3564 quam
782 3486 893 3545 volanti
908 3483 1020 3554 similis,

37 3583 144 3640 aruit.
207 3579 297 3640 Certe
321 3579 414 3640 Vates
437 3580 612 3640 Aristander
636 3581 704 3640 albe
725 3587 806 3640 veste
833 3578 963 3648 indutus,
992 3584 1022 3632 et

34 3679 97 3734 tra
113 3676 289 3752 praeferens
310 3675 446 3750 lauream,
458 3675 601 3735 militibus
615 3675 645 3732 in
658 3693 783 3752 pugnam
797 3669 933 3744 intentis,
941 3689 1021 3729 avom
1104 3685 1106 3688 ·

33 3771 187 3844 nstravit,
214 3769 292 3828 haud
315 3769 434 3830 dubium
455 3771 585 3829 viatoriae
606 3769 774 3845 auspieium.
825 3764 932 3840 Ingens
953 3767 1022 3844 ergo

33 3865 135 3922 rritas
161 3883 201 3922 ae
225 3864 331 3924 fidaeia
351 3863 438 3942 paulo
452 3864 520 3923 autb
535 3863 656 3922 territos
674 3857 807 3920 attondit
820 3860 859 3918 ad
879 3879 1021 3942 pugnam
