2520 4390
170 307 227 368 152
517 317 658 372 cereri
687 315 828 359 oraru

167 463 294 530 ritatem
324 479 401 520 nuno
432 459 610 540 paucitatem
643 475 778 538 spernere
810 456 967 535 incipiunt.
1040 455 1217 534 Praecipue

168 558 279 619 Besem
299 556 384 616 ferox
404 553 510 630 verbis,
525 567 555 614 et
572 561 658 632 parto
671 573 723 631 per
744 552 839 612 scelus
860 571 953 630 regno
979 551 1163 630 superbus,
1186 570 1217 608 ac

168 652 218 714 vix
239 657 342 730 potens
364 651 479 725 mentis,
495 649 590 724 dicere
605 649 738 710 orditur:
760 647 930 709 “Socordit
954 647 1054 706 Darii
1079 647 1214 708 crevisse
1245 619 1246 698 l

168 747 296 808 hostium
320 747 435 806 famam
487 745 657 807 Occurrisse
679 743 755 803 enim
777 743 807 802 in
831 741 945 803 (lilieiae
970 741 1213 822 angustissimis

168 841 310 916 faucibus,
324 845 388 902 cum
409 841 618 901 retrocedendo
631 848 731 920 posset
750 838 907 918 perducere
923 839 1076 896 incautos
1093 839 1131 898 in
1154 839 1211 896 loce

168 945 281 998 namra)
304 939 364 997 situ
385 937 471 1012 invia,
486 945 532 996 tot
554 937 722 997 fluminibus
743 935 874 1013 objectis,
889 941 936 992 tot
956 935 1130 994 montium
1145 935 1209 993 late

169 1033 239 1108 bris,
254 1034 331 1092 inter
344 1051 416 1113 quas
440 1033 636 1111 deprehensus
660 1033 761 1104 hostis,
775 1051 812 1090 na
833 1031 911 1108 sugae
925 1030 1071 1109 quidem,
1101 1032 1206 1090 nedum

169 1127 334 1203 resistendi,
363 1128 541 1188 occasionem
569 1127 661 1186 fuerit
694 1127 855 1187 habiturus.
912 1125 980 1186 Sibi
1017 1127 1157 1205 plaeere
1182 1127 1205 1184 io

170 1222 333 1304 Sogdianos
355 1223 500 1300 recedere,
523 1223 622 1286 Oxum
642 1243 755 1282 amnem
769 1223 850 1282 velut
873 1241 991 1280 murum
1007 1223 1205 1301 objecturum

170 1319 257 1400 hosti,
271 1319 341 1380 dum
361 1340 399 1380 ex
419 1320 551 1380 finitimis
572 1319 708 1397 gentibus
720 1318 819 1379 valida
841 1318 952 1376 auxilia
971 1325 1202 1380 concurrerent

172 1417 323 1478 Venturos
336 1425 434 1478 autem
450 1415 642 1490 Chorasmios,
658 1422 688 1474 et
702 1414 809 1489 Dahas,
826 1414 980 1493 Sacasque,
998 1422 1033 1474 et
1049 1416 1167 1491 Indos,
1181 1423 1203 1473 et

170 1512 250 1572 ultra
264 1512 385 1572 Tanaim
396 1528 508 1572 amnem
523 1511 650 1572 colentes
665 1509 805 1588 Scythas,
821 1529 944 1590 quorum
957 1511 1126 1570 neminem
1137 1511 1201 1570 adet

170 1606 311 1668 humilem
331 1625 401 1682 esso,
415 1614 450 1664 ut
471 1607 583 1666 humeri
605 1607 669 1684 ejus
681 1624 739 1664 non
759 1611 879 1682 possent
893 1604 1074 1664 Macedonis
1100 1607 1202 1666 militis

171 1701 312 1761 verticem
325 1701 467 1779 aequare.'’
510 1700 699 1764 Conclamant
712 1699 874 1775 temulenti,
888 1719 974 1759 unam
985 1700 1069 1760 hanc
1087 1712 1199 1763 senten·

172 1795 243 1854 tiam
265 1794 406 1854 salubrem
429 1813 509 1854 esse:
544 1802 575 1853 et
596 1794 707 1854 Bessus
733 1796 912 1855 circumferri
938 1815 1059 1856 merum
1090 1799 1199 1880 largius

178 1889 271 1968 jubet,
286 1889 483 1948 debellaturus
497 1907 585 1968 snper
598 1909 726 1949 mensam
741 1890 951 1950 Alexandrum

236 1989 281 2046 14.
305 1985 381 2046 Erat
391 1986 423 2044 in
436 2005 470 2045 eo
480 1987 611 2047 convivio
635 1986 772 2061 Gobares,
785 1987 902 2046 natione
925 1987 1047 2063 Medus,
1064 1991 1125 2050 sed
1145 2011 1195 2050 me·

172 2082 245 2165 gicoe
259 2083 331 2142 artis
346 2083 384 2160 (si
397 2083 483 2142 modd
495 2091 540 2142 est
554 2101 610 2159 ars,
621 2101 678 2142 non
689 2083 838 2142 vanissimi
849 2085 991 2162 cujusque
1005 2083 1194 2164 ludibrium),

172 2180 266 2260 magis
276 2179 456 2259 professione
466 2181 554 2260 quim
569 2179 690 2239 scientia
704 2179 824 2254 celeber,
837 2179 964 2258 alioquin
973 2180 1155 2242 moderatus
1168 2191 1194 2241 et

173 2277 289 2356 probus.
332 2277 373 2352 Is,
388 2278 456 2335 oum
467 2277 606 2354 praetatus
617 2281 702 2349 esset,
714 2275 796 2350 seire,
808 2293 889 2335 servo
900 2295 962 2334 esse
972 2275 1081 2336 utilius
1090 2299 1192 2356 parere

174 2371 263 2447 dicto,
285 2376 374 2449 quem
397 2373 499 2430 afferre
513 2371 675 2445 consilium,
699 2369 786 2429 ¹cdm
807 2370 874 2429 illos
888 2369 939 2450 qui
958 2379 1093 2449 pareant,
1116 2374 1190 2433 idem

173 2465 253 2544 qnod
266 2473 396 2539 caeteros,
411 2473 543 2541 maneat;
565 2465 615 2544 qui
629 2467 698 2524 verd
712 2467 861 2541 suadeant,
876 2468 1025 2545 proprium
1038 2469 1097 2528 sibi
1120 2471 1188 2548 pari·

174 2559 281 2632 nulum
295 2557 305 2586 ¹
318 2561 333 2591 ⁴·
355 2561 372 2594 ⁸·
395 2561 410 2592 *
433 2560 449 2592 *
470 2559 607 2635 poculum
622 2560 659 2634 ci,
673 2562 752 2638 quod
765 2562 891 2622 habebat
904 2561 934 2620 in
945 2565 1042 2637 manu,
1055 2565 1184 2624 tradidit

176 2653 241 2728 Quo
264 2661 391 2734 accepto,
408 2651 544 2732 Gobares,
575 2658 591 2688 “
605 2654 634 2714 N
637 2658 752 2732 atura,”
776 2657 880 2738 inquit,
896 2657 1094 2718 “mortalium
1116 2661 1186 2719 'hoc

175 2771 289 2834 quoquc
302 2752 417 2812 nomine
431 2769 520 2830 prava
533 2757 565 2810 et
578 2751 694 2811 sinistra
709 2753 766 2812 dici
780 2759 885 2831 potest,
901 2754 978 2832 qudd
995 2753 1025 2812 in
1046 2773 1099 2814 suo
1112 2757 1184 2835 quis·

175 2869 231 2929 que
245 2849 361 2928 negotio
375 2848 506 2909 hebetior
520 2855 574 2923 est,
589 2849 679 2926 qudm
694 2847 723 2906 in
738 2849 840 2907 alieno.
884 2849 1015 2908 Turbida
1036 2859 1105 2908 sunt
1124 2871 1183 2911 oon·

175 2945 243 3004 silia
256 2963 364 3018 eorum,
379 2945 429 3018 qui
444 2943 499 3004 sibi
514 2935 654 3020 suadeut;
677 2943 776 3003 obstat
796 2943 862 3015 aliis
876 2951 980 3018 metus,
995 2943 1059 3002 aliis
1081 2947 1181 3024 cupidi·

176 3045 231 3112 tas,
258 3055 461 3118 nonnunquam
490 3039 632 3098 naturalis
659 3059 767 3114 eorum,
796 3061 862 3118 quae
889 3041 1069 3120 cogitaveris,
1098 3061 1179 3100 amor.

176 3133 255 3195 Nam
267 3133 298 3190 iu
318 3139 348 3190 te
369 3134 504 3212 superbia
523 3155 581 3194 non
602 3135 687 3194 cadit.
731 3135 881 3213 Expertus
904 3155 935 3194 es
948 3155 1179 3217 unumquemque,

176 3229 254 3311 quod
264 3228 327 3307 ipse
339 3230 489 3307 repererit,
505 3239 556 3289 aut
570 3232 673 3307 solum,
689 3239 740 3292 aut
754 3231 896 3310 optimum
911 3232 1025 3291 ducere.
1050 3232 1178 3310 Magnum

177 3345 249 3387 onus
263 3323 389 3385 sustines
403 3325 505 3403 capite,
521 3327 634 3404 regium
649 3327 768 3406 insigne.
812 3327 879 3386 Hoc
894 3335 946 3386 eut
966 3327 1109 3386 moderate
1122 3349 1177 3406 per-

177 3422 327 3482 ferendum
341 3427 395 3496 est,
411 3428 463 3479 aut
476 3420 566 3500 (quod
579 3421 759 3502 ‘abominor)
775 3422 805 3481 in
820 3429 849 3481 te
863 3430 937 3482 ruet.
982 3421 1113 3501 Consilio,
1126 3443 1176 3482 nou

177 3519 288 3598 impetu
312 3535 385 3596 opus
405 3517 479 3578 est.’¹
521 3516 638 3594 Adjicit
665 3518 779 3594 deinde,
807 3517 886 3597 quod
913 3519 990 3598 apud
1018 3519 1175 3578 Bactrianos

179 3615 267 3693 vulgo
290 3613 488 3692 usurpabant3
522 3610 631 3673 Cannu
656 3633 783 3673 ruunou
806 3633 1016 3673 venenarios
1040 3633 1173 3689 nemean,

179 3711 261 3778 coin
276 3729 443 3770 nouenae:
465 3729 618 3770 numesius
629 3728 754 3779 comeus
765 3694 897 3769 stonum
911 3727 1018 3768 ιιιιιιιιο
1030 3729 1095 3770 soso
1105 3731 1172 3774 mar.

180 3803 253 3874 Quae
267 3804 387 3880 inserui,
401 3814 444 3882 ut,
459 3806 678 3887 qualiscumque
690 3807 768 3865 inter
782 3805 930 3865 Barbaros
939 3805 1037 3884 potuit
1050 3823 1104 3864 esse
1116 3826 1172 3884 prn-
