2622 4382
602 317 617 344 0

437 377 561 422 arnnn
595 377 651 420 rx.
681 377 767 420 car.
796 377 830 420 v.
1074 357 1135 420 Μ

121 519 206 582 veria
248 517 314 591 Quo
325 523 485 597 compecto,
498 516 666 578 Alexander
683 519 744 594 jam
756 535 814 577 non
826 516 897 578 vitta
910 535 978 592 m,
993 513 1044 576 aed
1057 533 1132 574 mor·

122 615 310 676 tiomletimn
323 613 520 692 supervenisse
539 619 627 688 ratus,
642 613 743 691 clypeo
763 612 919 691 fatigatum
939 629 1040 688 corpus
1054 629 1135 670 exce-

119 709 173 786 pit.
229 709 315 770 Subit
346 708 414 768 inde
442 707 579 781 Timauo,
606 715 636 766 et
668 707 757 784 paulo
790 713 857 784 poet
885 706 1040 780 lacoontos,
1067 704 1136 764 huic

122 805 279 866 Aristonus
290 802 462 882 supervenit.
504 802 575 862 Indi
594 803 707 881 quoque
720 807 784 862 clm
804 802 882 860 intra
901 800 1007 862 moenia
1026 800 1136 880 Regem

122 918 184 960 esse
202 899 415 976 comperissent,
443 897 559 956 omissis
582 898 694 956 caeteris
715 897 784 956 illuc
809 901 1027 969 concurrerunt,
1053 913 1136 972 urge·

121 994 244 1073 bnntque
256 999 450 1072 protegentes
492 991 541 1052 Ex
553 992 657 1071 quibus
670 991 799 1054 Timaeus
817 990 920 1052 multia
940 990 1062 1052 adverso
1076 1007 1136 1050 cor·

119 1107 188 1167 pore
214 1088 379 1150 vulneribus
411 1087 545 1164 acceptis,
576 1087 746 1166 egregiique
772 1087 855 1146 edite
888 1090 988 1166 pugne
1021 1084 1134 1146 cecidit

119 1183 275 1244 Peucestes
287 1187 404 1261 quoqne
416 1181 513 1242 tribus
524 1181 629 1258 jaculis
641 1182 798 1255 confossus,
811 1201 870 1242 non
883 1201 914 1240 ee
933 1189 1030 1240 tumen
1043 1187 1136 1254 scuto,

119 1277 171 1338 sed
191 1279 304 1357 Regem
323 1276 466 1336 tuebatur.
508 1275 654 1334 Leonatue
668 1275 737 1334 dum
756 1275 840 1335 aride
853 1281 970 1334 ruentes
989 1273 1137 1336 Barbare·

120 1373 279 1446 submovet,
303 1370 414 1430 ceruice
436 1369 565 1449 graviter
592 1370 660 1444 iota,
687 1369 862 1430 semianimis
888 1368 1042 1447 procubuit
1070 1375 1138 1428 ante

120 1467 214 1544 Regin
234 1465 330 1543 pedes.
372 1464 442 1524 Janr
463 1471 494 1524 ct
514 1463 672 1524 Peucestes
691 1464 859 1524 vulneribus
880 1463 1021 1542 fatigatus
1045 1463 1138 1524 l'sult-

120 1561 242 1620 mirem
263 1560 404 1638 clypeum.
456 1560 494 1618 In
516 1559 657 1620 Aristono
680 1577 746 1638 spes
767 1559 873 1620 ultima
899 1559 1035 1620 hmebat.
1076 1558 1138 1623 Hic

120 1674 234 1734 quoqne
255 1655 384 1734 graviter
407 1654 522 1714 saucius
544 1659 655 1712 tentam
668 1655 727 1714 uim
750 1654 878 1716 hostium
897 1654 976 1714 ultra
996 1654 1138 1714 sustinere

120 1769 177 1810 non
199 1757 322 1828 poterat.
374 1751 394 1780 ¹⁴
404 1749 487 1812 Inter
510 1749 573 1808 hac
595 1749 633 1808 ad
646 1749 829 1826 Macedones,
856 1750 968 1830 Regem
989 1749 1137 1824 cecidisse,

119 1845 199 1904 nnn
222 1844 333 1924 perlata
358 1851 410 1906 eet.
461 1845 480 1873 ¹⁸
491 1845 657 1904 Terruisset
683 1845 764 1922 alios,
790 1846 868 1924 quod
894 1845 961 1906 illos
988 1843 1135 1904 incitavit.

121 1939 253 2018 Namque
275 1940 399 2017 periculi
417 1940 509 2000 omnis
531 1941 720 2016 immemores,
741 1941 869 2002 dolabris
889 1941 1055 2019 perfregere
1075 1957 1138 1998 mu·

119 2054 194 2108 rum,
208 2041 247 2108 ct,
259 2037 319 2112 qul
331 2035 427 2094 moliti
440 2042 524 2094 erant
545 2035 667 2108 aditum,
681 2035 813 2112 irrupere
826 2035 856 2092 in
868 2035 978 2108 urbem,
993 2034 1138 2112 Indosque

120 2129 219 2206 plures
249 2128 404 2206 fugientes,
431 2131 520 2206 quim
546 2129 683 2207 congredi
718 2147 811 2204 ausos,
839 2129 1013 2189 ceciderunt.
1070 2127 1138 2188 Non

121 2221 249 2296 senibus,
262 2239 319 2280 non
332 2221 467 2297 foeminis,
481 2239 539 2282 non
550 2222 711 2282 infantibus
724 2222 860 2300 parcitur.
890 2221 1028 2300 Quisquis
1042 2239 1137 2280 occur·

120 2324 210 2391 reret,
225 2317 262 2377 ab
283 2316 336 2375 illo
349 2317 530 2375 vulneratum
544 2317 656 2394 Regem
679 2335 743 2376 erse
764 2310 926 2378 credebant.
969 2315 1138 2376 ¹‘Tandem-

119 2433 177 2492 qae
198 2411 394 2472 internecione
414 2411 541 2470 hostium
563 2413 653 2487 justae
675 2411 729 2472 iroe
747 2419 932 2490 parentatum
946 2419 999 2473 est
1040 2411 1138 2470 Ptole·

120 2527 234 2582 mcum,
256 2507 306 2586 qui
327 2513 432 2585 postca
458 2508 599 2586 regnavit,
626 2507 693 2566 huic
712 2527 817 2587 pugnae
831 2509 947 2568 affuisse
967 2515 1067 2568 auctor
1094 2513 1139 2568 eet

122 2603 300 2678 Clitarchus,
326 2610 357 2662 et
384 2603 562 2681 Timagenes
615 2602 674 2664 Sed
700 2604 763 2682 ipse
787 2603 928 2664 1'scilicet
950 2605 1050 2684 gloriae
1078 2621 1138 2666 suae

120 2717 179 2758 non
205 2699 378 2777 refragatus,
405 2697 532 2758 abluisse
559 2717 600 2772 se,
628 2699 748 2758 rniesum
774 2699 807 2758 iu
834 2699 1055 2777 expeditionem,
1081 2717 1138 2756 me·

120 2793 222 2857 morien
242 2792 387 2852 tradidit:
413 2799 496 2852 tanta
521 2795 752 2870 componentium
777 2801 893 2854 vetusta
919 2813 1015 2852 rerum
1041 2809 1138 2852 monu-

68 2913 72 2922 ·
119 2894 219 2948 menta
230 2886 279 2946 uel
292 2886 310 2914 ¹⁸
320 2887 468 2961 muricus,
482 2888 539 2961 vel,
555 2890 573 2916 ¹⁹
581 2908 634 2965 par
646 2888 714 2946 huic
726 2888 842 2962 vitium,
862 2887 1020 2946 credulitas
1032 2887 1108 2948 fuitl

167 2985 211 3042 18.
233 2981 316 3059 Rege
335 2980 367 3038 in
388 2981 572 3042 tabernaculo
593 2983 694 3058 relato,
715 2982 821 3042 medici
840 2983 949 3062 lignum
969 2982 1061 3042 hastae
1079 3001 1139 3044 oer-

120 3074 186 3154 pori
199 3075 327 3150 infinum,
342 3075 414 3134 ”ita
432 3095 468 3134 ne
492 3077 632 3152 spiculum
653 3085 826 3154 moveretur,
850 3077 1028 3138 abscindunt
1071 3077 1138 3140 Gor·

121 3191 191 3250 pore
205 3170 274 3230 dein
281 3171 401 3246 nudato,
410 3171 643 3232 animadvertunt
656 3173 755 3232 hamos
766 3173 858 3234 inesse
871 3171 939 3248 telo,
949 3193 1002 3234 nec
1012 3174 1099 3234 aliter
1108 3173 1139 3232 id

123 3266 185 3326 eine
205 3266 331 3343 pernicie
351 3267 479 3345 corporis
492 3267 607 3326 extrahi
629 3287 721 3345 posse,
735 3271 822 3348 quim
843 3276 877 3329 ut
897 3271 1020 3330 secando
1032 3269 1139 3330 wlnue

122 3368 266 3440 augerent
308 3363 328 3392 ²¹
341 3361 496 3438 Caeterum,
509 3381 546 3422 ne
559 3370 689 3424 secantes
708 3365 879 3442 proluvium
898 3365 1045 3444 sanguinis
1058 3382 1139 3422 oecu-

122 3468 213 3538 peret,
228 3460 416 3522 verebantur:
436 3461 542 3540 quippe
556 3461 656 3540 titgens
669 3461 761 3522 telum
773 3463 909 3522 adantum
921 3469 993 3534 eret,
1013 3465 1044 3516 et
1056 3475 1139 3534 pene-

121 3559 216 3616 triese
240 3555 272 3614 in
295 3555 404 3616 viscera
424 3557 583 3619 videbatur.
635 3555 802 3618 Critobulus
822 3557 899 3614 inter
918 3553 1045 3612 medicos
1066 3551 1139 3614 artie

122 3650 244 3724 eximiae,
251 3650 431 3710 sedintantc
439 3652 567 3728 periculo
576 3654 705 3727 territus,
714 3670 816 3710 manus
825 3645 1137 3722 admoveremetuebat,

123 3745 182 3804 ”ne
194 3746 226 3804 in
233 3746 326 3824 ipsius
333 3753 420 3822 caput
432 3767 534 3822 parum
543 3765 687 3825 prosperae
697 3744 853 3806 curationis
860 3742 1000 3802 recideret
1008 3749 1137 3802 eventus
