2642 4386
168 317 231 382 21⁰
519 335 661 389 curcur
688 335 832 379 cuuru

169 483 236 538 aa
247 475 362 554 ripam
383 477 448 536 orm
468 475 598 554 pmcn
620 475 744 538 murem
756 475 809 538 vix
829 475 887 537 ιιι
900 473 985 536 cara
1004 464 1192 536 oleatum
1252 442 1261 456 “

169 570 281 645 effudit,
296 569 451 650 obrutiqns
473 571 583 632 milites
604 571 702 632 nimbo
727 571 887 630 interram
909 572 1087 648 refugerunt,
1108 570 1192 630 nuvi-

85 667 97 682 '
167 667 224 746 giis
238 666 408 746 ratibusque
422 667 554 728 desertis.
588 666 647 728 Sed
661 666 903 726 tumultuantium
917 666 1061 741 fremitus,
1076 665 1190 726 obstre-

168 762 305 842 pentibus
318 763 399 840 ripis,
415 763 451 824 ab
465 763 548 824 hoste
562 783 620 823 non
633 770 749 842 poterat
763 762 866 822 audiri.
910 761 1027 821 Deinde
1041 768 1190 822 momento

169 858 308 936 temporie
330 878 481 936 repressus
504 866 550 918 est
571 859 671 920 imber.
716 857 865 919 Oaeterdm
885 857 958 918 adeo
972 857 1074 936 spissas
1094 858 1190 918 inten-

169 953 239 1034 dere
267 973 297 1013 se
324 954 425 1028 nubes,
451 961 485 1012 ut
511 954 671 1013 conderent
694 953 798 1028 lucem,
825 952 934 1032 vixque
961 952 1191 1032 colloquentium

168 1049 245 1111 inter
259 1049 338 1126 ipsos
352 1049 442 1108 iacies
465 1049 690 1108 noscitareutur.
734 1050 754 1078 ²⁷
767 1048 934 1108 Terruisset
957 1047 1047 1107 elium
1061 1049 1191 1109 obducta

168 1163 227 1204 uox
241 1143 323 1218 coelo,
338 1145 407 1204 cum
427 1145 528 1224 ignoto
542 1164 625 1204 amne
645 1144 841 1224 navigandum
862 1152 948 1218 esset,
962 1144 1085 1204 forsitan
1105 1144 1189 1204 hoste

170 1259 233 1300 eam
257 1241 349 1319 ipsam
364 1241 466 1320 ripam,
481 1261 568 1321 quam
591 1240 661 1300 oosoi
680 1248 768 1320 atque
785 1240 951 1318 improvidi,
965 1247 995 1298 ct
1009 1259 1046 1299 ex
1059 1240 1190 1319 periculo

90 1325 93 1330 ¹
169 1336 293 1416 gloriam
308 1337 329 1366 ¹⁸
340 1344 521 1398 accersentes
534 1337 681 1415 petebant,
696 1343 871 1414 occupante:
892 1335 1107 1411 obscuritatem,
1121 1355 1191 1416 ques

170 1441 291 1494 caeteros
325 1433 464 1508 terrebat,
495 1453 578 1492 suam
612 1431 789 1492 occasionem
822 1438 913 1505 ratus,
945 1431 1012 1490 dato
1041 1431 1125 1510 signo
1152 1439 1191 1492 ut

170 1548 270 1588 omues
284 1529 402 1589 silentio
416 1527 606 1588 ascenderent
627 1528 658 1585 in
679 1533 767 1602 rates,
784 1547 855 1602 eam,
870 1529 928 1606 qut
942 1525 1004 1604 ipse
1017 1527 1190 1604 vehebatur,

169 1624 293 1702 primam
312 1625 403 1700 jussit
418 1625 438 1652 ¹⁹
448 1623 565 1701 expelli.
610 1622 712 1682 Vacua
732 1629 795 1680 erat
816 1622 853 1698 ab
875 1618 1007 1682 hostibus
1027 1623 1100 1700 ripa,
1121 1641 1193 1701 quac

170 1717 344 1795 petebatur:
375 1719 482 1796 quippe
503 1718 597 1776 adhuc
617 1717 716 1776 ,Porus
741 1716 934 1776 Ptolemaeum
956 1719 1072 1774 tantbm
1094 1717 1189 1777 iutue-

169 1810 264 1870 batur.
317 1810 386 1870 Unai
401 1813 470 1888 ergb
484 1811 562 1886 navi,
576 1831 663 1890 quam
676 1819 768 1889 petrae
780 1812 886 1870 fluctus
900 1811 1034 1887 illiserat,
1048 1811 1188 1887 haerente,

168 1912 283 1968 oaeterae
305 1905 452 1966 eredunt:
474 1926 610 1986 armaque
632 1927 736 1986 cepere
756 1907 874 1982 milites,
889 1914 920 1966 et
942 1907 986 1966 ire
1010 1907 1042 1965 in
1055 1907 1189 1969 ordinem

174 2001 272 2080 jussit

229 2097 320 2158 XIV.
344 2100 389 2158 45.
412 2097 539 2178 Jamque
561 2118 665 2178 agmen
686 2097 718 2158 in
739 2117 847 2158 cornua
872 2097 998 2158 divisum
1017 2098 1081 2176 ipse
1102 2097 1187 2158 duce·

169 2191 230 2270 bct,
253 2195 321 2254 culm
344 2194 424 2254 Poro
446 2194 610 2270 nunciatur,
631 2194 720 2254 ermis
740 2194 868 2273 virisque
893 2193 986 2272 ripam
1007 2193 1141 2269 obtineri,
1157 2199 1189 2254 et

171 2289 289 2350 ¹rerum
311 2289 412 2350 adesse
437 2290 600 2350 discrimen.
642 2290 689 2348 Ac
713 2289 817 2368 primb,
836 2289 957 2348 humani
981 2289 1091 2368 ingenii
1103 2290 1187 2366 vitio,

169 2385 232 2461 spei
254 2405 315 2444 suae
338 2384 500 2462 indulgens,
515 2385 673 2445 Abisarem
692 2384 763 2445 belli
785 2383 905 2459 socium,
919 2382 963 2461 (et
987 2384 1031 2442 ita
1050 2403 1188 2446 convene·

169 2480 238 2555 rat,)
254 2479 411 2538 adventare
425 2479 569 2540 credebat.
624 2479 697 2538 Mox
711 2479 867 2557 liquidiore
881 2479 947 2538 luce
961 2479 1110 2557 aperiente
1124 2480 1187 2541 bos·

169 2580 238 2648 tom,
262 2573 428 2652 quadrigas,
452 2581 483 2634 et
504 2580 630 2655 quotuor
650 2573 745 2632 millia
768 2575 900 2654 equitum
926 2575 1057 2634 venienti
1079 2576 1188 2654 agmini

169 2667 266 2728 Porus
290 2667 406 2746 objecit.
448 2667 519 2728 Dux
541 2676 605 2728 erat
626 2669 783 2746 copiarum,
810 2689 883 2749 quas
906 2671 1056 2750 praemisit,
1085 2671 1188 2750 Hages

169 2765 260 2826 irater
287 2765 387 2844 ipsius.
445 2764 564 2846 Summa
590 2764 697 2825 virium
730 2765 761 2824 in
788 2765 929 2826 curribus.
987 2767 1080 2828 Senos
1107 2768 1187 2828 viros

169 2861 278 2942 singuli
292 2863 443 2940 vehebant,
461 2862 533 2922 duos
556 2861 713 2940 clypeatos,
729 2861 801 2922 duos
822 2863 990 2942 sagittarios
1009 2863 1048 2924 ab
1060 2869 1187 2942 utroque

169 2955 261 3016 latere
286 2959 460 3036 dispositos3
483 2959 581 3020 caeteri
603 2957 714 3037 aurigae
737 2963 821 3016 erant
843 2957 924 3016 baud
947 2959 1016 3018 sant
1043 2959 1186 3018 mermes:

169 3052 276 3130 quippe
287 3054 386 3130 jacula
399 3055 556 3132 complura,
568 3054 620 3114 ubi
632 3054 766 3118 cominus
785 3053 979 3132 proeliandum
993 3060 1064 3130 erat,
1078 3053 1187 3114 ’omis-

170 3147 211 3208 sis
233 3147 361 3222 habenis‚
376 3149 407 3208 in
428 3151 741 3234 hostemqingcrebant.
785 3149 932 3210 (laeterbm
946 3151 996 3210 vix
1016 3151 1095 3210 ullus
1113 3169 1187 3210 usus

170 3243 257 3322 hujus
280 3243 383 3302 auxilii
407 3263 441 3304 co
463 3245 511 3304 die
535 3246 600 3306 fuit.
644 3245 779 3326 Namque
804 3245 851 3323 (ut
874 3247 963 3324 supra
988 3246 1099 3306 dictum
1128 3249 1186 3326 est)

171 3340 263 3402 imber
276 3339 430 3402 violentius
444 3343 533 3420 quem
553 3342 628 3402 alibs
650 3339 742 3419 fusus,
757 3361 872 3420 campos
892 3342 1021 3404 lubricos
1034 3350 1065 3402 et
1076 3341 1186 3423 inequi-

172 3437 278 3499 tabiles
301 3436 425 3496 iecerat:
446 3455 605 3516 gravesque
626 3444 657 3496 et
679 3437 887 3516 propemodum
907 3437 1069 3500 immobiles
1083 3456 1186 3500 currus

172 3533 274 3594 illuvie
288 3540 319 3593 et
331 3531 518 3611 voraginibus
531 3531 688 3594 haerebunt.
741 3531 851 3594 (loutrb
865 3531 1036 3594 Alexander
1048 3533 1186 3613 expedito

172 3649 206 3690 ac
220 3630 278 3692 leri
298 3629 410 3708 agmine
424 3629 541 3690 suesce
562 3628 694 3688 invectus
714 3636 767 3687 est
811 3627 929 3714 Scytbae
942 3637 972 3688 et
985 3629 1079 3690 Dabae
1099 3629 1188 3708 primi

173 3725 302 3787 omnium
315 3727 446 3786 musore
460 3725 570 3786 Indos:
594 3725 766 3784 Perdiccam
786 3723 892 3784 dende
906 3745 974 3786 cum
987 3725 1137 3806 equitibus
1155 3725 1188 3786 in

174 3817 312 3878 dextrum
323 3841 414 3882 coruu
426 3822 554 3882 bostium
567 3821 671 3882 emisit
