2642 4386
319 389 442 434 ursan
468 391 542 434 vrr.
571 393 656 436 err.
686 393 777 436 our.
1003 381 1057 442 165

99 529 158 592 disse
168 549 194 592 se
203 528 600 609 nffirnuus,utiqudpr10ribus
618 531 706 612 longe
720 531 850 595 diversa:
871 534 962 596 ”tum
981 535 1058 598 soih·-

99 627 209 686 eitudinis
220 643 300 688 auses
312 626 488 704 apparuisse,
501 646 577 686 nune
589 647 706 706 prorsus
719 629 831 710 egregie
845 630 962 692 litatum
976 651 1045 694 esse.

141 725 179 783 31.
199 719 322 782 tamem
343 741 408 800 quae
432 722 554 782 subinde
567 723 704 782 nuntiata
727 733 795 786 suut
808 725 895 805 Regi,
916 727 1058 790 eontiuuor

99 817 201 876 z'elieitati
221 835 299 876 rerum
322 817 384 894 ejus
408 817 604 895 imposuerant
629 818 732 880 labem.
784 819 991 898 Menedemum,
1021 831 1057 884 ut

99 916 160 992 uprt
180 913 342 987 dictumest,
366 912 486 974 miserat
507 914 545 974 ad
565 914 752 976 obsidendum
772 915 965 994 Spitamenen
985 917 1056 977 Bao·

99 1010 168 1070 tianae
179 1008 325 1068 desertionis
345 1015 498 1069 toutonem.
539 1009 638 1086 “Qud
652 1017 796 1088 oomperto
816 1012 909 1072 hostis
922 999 1055 1090 adveuto',

99 1105 196 1164 enoris
214 1104 284 1165 urbis
306 1103 514 1179 inuluderetur,
523 1105 544 1136 ²⁵
554 1106 640 1166 simul
659 1107 753 1166 fretus
774 1107 868 1185 exeipi
890 1125 983 1186 pesse,
997 1115 1056 1188 qut

99 1208 209 1260 euterun
233 1199 342 1274 sciebat,
366 1199 495 1260 coneedit
518 1201 654 1260 oeeultus
706 1201 855 1280 Sylvestre
877 1203 935 1262 iter
956 1211 1055 1281 aptum

99 1295 175 1356 ,uitiis
197 1294 316 1373 tegendis
342 1300 413 1354 erat
468 1293 519 1353 Ibi
544 1294 643 1354 Dahas
674 1297 813 1356 eondidit
869 1297 947 1377 Equi
973 1297 1056 1358 binos

99 1398 187 1450 matos
198 1389 303 1463 vehunt,
316 1407 438 1466 quorum
459 1388 582 1448 invioem
604 1389 713 1468 singuli
733 1392 852 1467 repente
865 1391 1012 1467 desiliunt,
1026 1399 1056 1451 et

99 1484 198 1562 ,uestris
217 1501 312 1562 pugoae
332 1481 461 1542 ordinem
482 1483 610 1544 turbant.
666 1485 815 1562 Equorum
837 1485 985 1545 selonitati
1005 1505 1057 1564 pm·

99 1587 110 1636 t
129 1578 264 1637 hominurn
282 1577 444 1655 pernicitas„
486 1577 552 1637 Hos
574 1578 754 1656 Spitamenes
775 1579 881 1638 saltum
906 1581 1056 1640 eirounrire

99 1693 164 1748 esus,
189 1673 289 1764 pariter
310 1679 340 1732 et
362 1693 381 1732 a
402 1673 551 1748 lateribus,
572 1680 603 1732 et
625 1693 643 1732 a
665 1675 768 1750 fronte,
788 1681 819 1733 et
840 1695 858 1733 a
877 1682 959 1756 tergo
978 1676 1055 1736 hosti

99 1768 180 1828 endit.
219 1767 403 1828 Menedemus
424 1767 551 1846 undique
578 1769 718 1844 inolusus,
737 1787 774 1828 ne
795 1789 915 1832 numero
940 1772 1055 1850 quidem

99 1887 110 1939 ¹,
133 1864 184 1923 did
207 1871 298 1924 tamen
320 1863 438 1939 restitit,
463 1864 626 1939 clamitans,
657 1863 776 1924 “Nihil
803 1865 884 1926 eliud
906 1885 1054 1944 superesse

99 1980 169 2020 >rum
192 1959 290 2020 froude
314 1959 452 2037 deceptis,
476 1963 564 2038 quarn
587 1959 715 2020 honesta
738 1962 842 2021 mortis
862 1960 998 2020 solatium
1017 1981 1055 2022 ex

99 2056 168 2114 tium
181 2055 283 2114 eeede.”
323 2053 426 2131 Ipsum
448 2054 609 2131 praevalens
631 2071 722 2133 equus
734 2054 864 2130 vehebat,
877 2075 934 2133 quo
948 2056 1055 2133 eaepids

99 2169 188 2210 aneos
201 2149 395 2209 Barbarorum
415 2148 513 2208 effusis
534 2148 654 2208 habenis
667 2149 821 2223 ¹⁸eveutus,
834 2154 940 2228 magne
960 2158 1056 2229 strage

100 2245 223 2304 foderet.
266 2243 325 2303 Sed
344 2245 412 2302 edm
433 2261 525 2302 unum
538 2261 636 2300 omnes
655 2249 797 2320 peterent,
817 2243 919 2302 multis
932 2243 1055 2304 vulneri·

102 2338 271 2418 exsanguis,
285 2337 440 2416 Hipsidem
453 2337 605 2415 quemdam
629 2356 666 2396 ex
685 2335 795 2412 amieis,
808 2337 941 2398 hortatus
954 2345 1007 2415 est,
1021 2348 1056 2399 ut

100 2455 181 2514 puum
196 2453 283 2494 suum
297 2432 471 2508 aseenderet,
486 2440 561 2492 etse
580 2432 652 2512 fugt
664 2432 795 2511 eriperet
836 2433 911 2494 Haeo
923 2441 1055 2514 egentem

100 2551 124 2589 ia
149 2530 272 2604 defeoit,
294 2547 451 2608 eorpusque
473 2546 512 2587 ox
535 2547 607 2607 equo
630 2529 753 2588 deduxit
774 2529 806 2588 in
826 2537 939 2590 terram
981 2530 1055 2608 Hip-

100 2647 101 2678 ι
114 2633 238 2704 poterat
251 2624 371 2704 quddam
392 2624 526 2703 effugere,
541 2624 603 2699 sed,
617 2625 722 2686 amisso
741 2625 844 2702 amieo,
856 2625 929 2686 mori
940 2626 1053 2686 statuit.

104 2728 171 2780 eret
185 2739 267 2795 eura,
281 2739 319 2778 ne
339 2719 451 2778 inultus
470 2719 622 2780 oecideret.
664 2719 778 2798 Itaque,
792 2720 920 2780 subditis
940 2719 1055 2780 οαὶωτί-

100 2833 188 2893 equo,
204 2815 238 2874 in
263 2814 378 2873 medios
399 2813 500 2874 hostes
519 2833 551 2874 se
569 2814 698 2889 immisit,
719 2821 758 2888 et,
772 2813 953 2874 memorabili
973 2813 1055 2874 adita

100 2915 129 2983 t,
146 2909 277 2967 obrutus
298 2908 366 2968 telis
385 2915 437 2968 est
481 2907 567 2980 Quod
588 2909 641 2968 ubi
653 2908 756 2968 videre
777 2908 828 2986 qui
850 2908 922 2969 eradi
945 2927 1055 2987 eupere-

119 3002 280 3060 tumulum
304 3002 392 3080 pauld
413 3005 503 3081 qutun
527 3009 632 3064 uaemra
655 2998 808 3061 editiorem
827 3004 962 3082 eupiunt:
982 3023 1055 3084 quos

100 3115 220 3172 menes,
247 3097 331 3156 fame
353 3096 386 3154 in
408 3097 585 3158 deditionem
609 3097 789 3173 subacturus,
814 3099 934 3161 obsedit
976 3099 1055 3162 Gaei-

101 3213 141 3253 eo
156 3193 277 3272 praelio
302 3191 434 3271 peditum
458 3191 514 3250 duo
535 3192 637 3268 millia,
657 3193 779 3253 treeenti
798 3196 919 3276 equites.
962 3194 1056 3268 Quum

100 3311 122 3347 n
138 3288 335 3349 Alexander
357 3286 458 3348 solerti
479 3287 599 3346 oonsilio
620 3288 702 3364 texit,
716 3297 809 3350 morte
821 3291 995 3352 denuntiati
1009 3289 1055 3364 iis,

100 3407 107 3444 :
123 3385 245 3462 praelio
261 3385 452 3458 advenerant,
468 3382 494 3442 si
506 3389 571 3441 ueta
583 3383 758 3464 vulgtseent.

100 3480 169 3540 [ΙΙ.
197 3485 254 3540 32.
283 3479 429 3540 Caeterum
443 3482 507 3537 edm
521 3479 633 3538 ¹animo
654 3480 798 3559 disparem
810 3481 923 3541 vultum
944 3476 1057 3535 diutius

101 3595 173 3634 non
202 3581 328 3652 posset,
349 3574 381 3632 in
404 3574 628 3652 tabemeulum,
649 3593 736 3654 supra
756 3576 850 3652 ripam
872 3571 998 3632 fluminis
1022 3569 1058 3630 de

101 3673 156 3730 rie
185 3669 344 3745 locatum,
366 3670 494 3730 secessit.
536 3671 606 3732 'Ibi
627 3671 689 3730 sine
703 3670 821 3730 arbitris
834 3666 948 3746 singula
969 3664 1058 3724 animi

101 3775 134 3825 ta
167 3766 355 3844 pensando,
386 3773 500 3826 nentem
525 3767 635 3846 vigitiis
667 3761 804 3837 extraxit,
831 3763 908 3840 saepe
935 3761 1059 3841 pellibus

101 3862 198 3921 aeuli
231 3860 388 3935 allevatis,
410 3868 442 3919 ut
464 3861 643 3937 oonspiooret
660 3857 789 3916 hostium
809 3855 899 3937 iper,
920 3857 1060 3939 equibus
