2600 4394
366 375 487 416 arsen
513 373 575 414 111.
604 373 689 415 oar.
717 373 769 414 xr.
876 429 879 438 Ι
1033 355 1073 414 25

88 515 173 595 quibus
191 520 320 592 praeerat,
339 519 406 573 ante
429 513 524 591 ipsam
547 517 662 571 onrrum
684 509 775 591 Regi·
797 507 912 589 obieoit
933 509 1023 570 armis
1043 515 1073 569 et

86 611 170 668 robore
182 608 302 686 eorporis
314 608 443 667 multum
455 625 543 685 snper
552 614 673 668 eeteros
693 606 831 681 eminens,
844 605 940 666 animo
951 606 1022 666 verb
1042 611 1074 664 et

35 721 38 728 ·
85 705 176 781 pietate
189 705 205 732 ¹¹
215 703 245 760 in
257 701 457 780 paucissimis3
479 701 530 762 illo
543 700 645 779 utique
656 700 756 779 praelio
766 699 870 774 olarns,
885 699 958 758 alios
970 698 1074 776 impro-

84 797 274 857 viddimtantes
286 797 453 874 prostravit,
468 795 541 856 alios
551 795 809 876 infugamsvertit
838 794 882 854 Ae
891 793 1073 868 llaoedones,

83 893 125 971 qui
142 892 207 950 eirea
226 891 337 971 Regem
358 897 449 967 erant,
462 896 566 950 mutua
585 889 788 950 adhortatione
799 888 914 964 firmati,
929 907 995 947 oum
1009 887 1073 966 ipso

80 987 229 1065 inequitum
243 1005 344 1066 agmen
357 987 526 1062 irrumpunt
567 983 642 1044 num
655 985 724 1044 verb
737 983 843 1044 similis
855 983 948 1044 ruina
961 989 1074 1062 strages

79 1087 137 1140 erat
183 1079 263 1140 (liroa
286 1099 402 1140 ourrum
425 1079 510 1140 Darii
530 1080 666 1156 jaoebant
688 1078 863 1140 nobilissimi
889 1075 985 1152 duoes,
1006 1083 1074 1136 ante

77 1175 162 1233 oeulos
186 1175 273 1254 Regis
304 1174 422 1254 egregia
448 1181 539 1234 morte
565 1173 702 1249 damnati
729 1191 829 1234 omnes
856 1173 887 1231 in
906 1191 959 1232 ora
977 1171 1071 1249 proni,

60 1269 143 1350 ¹siout
163 1269 326 1328 dimicantes
348 1269 571 1346 procubuerant,
595 1269 616 1298 ¹²
625 1267 746 1328 adverso
766 1287 885 1345 eorpore
903 1267 1074 1328 vulneribus

74 1364 195 1441 aooeptis.
235 1363 317 1423 Inter
335 1364 389 1423 hos
402 1363 533 1440 Atizyes,
547 1369 579 1421 et
587 1361 799 1436 Rheomithres,
814 1369 845 1420 et
859 1361 983 1422 Sabaoes
994 1361 1074 1422 Prae·

73 1466 116 1518 tor
138 1459 263 1536 AEgypti,
287 1456 457 1534 magnorum
479 1456 658 1516 exercituum
680 1455 820 1534 proeieeti,
840 1455 1073 1516 nosoitabantnr:

72 1553 144 1610 eirea
156 1570 202 1610 eos
215 1551 360 1610 oumuluta
382 1557 444 1610 erat
465 1551 596 1630 peditum
615 1551 797 1630 equitumque
817 1551 964 1612 obscurior
977 1551 1072 1613 turba

70 1647 250 1706 Maoedonnm
272 1643 394 1725 quoqne,
416 1665 474 1704 uon
492 1645 609 1724 quidem
630 1645 726 1721 multi,
739 1645 792 1704 sed
810 1645 1018 1724 promptissimi
1031 1652 1073 1706 ta·

37 1809 42 1814 ,
68 1762 139 1818 men,
152 1742 215 1803 oaeai
228 1748 301 1801 sunt.
352 1741 435 1800 Inter
453 1760 525 1820 quoe
537 1740 701 1802 Alexandri
714 1740 849 1802 dextrum
861 1742 956 1802 femur
970 1741 1074 1802 leviter

66 1856 193 1896 mucrone
207 1837 226 1866 ¹¹
236 1837 421 1914 perstrictum
433 1844 485 1898 est.

124 1936 167 1992 27.
189 1931 322 2011 Jamque,
346 1933 398 2011 qui
420 1932 543 1992 Darium
565 1931 707 1993 vehebant
730 1931 798 2012 equi
820 1931 945 1992 eonlossi
970 1931 1072 2006 hastis,

62 2033 93 2086 et
115 2027 209 2086 dolore
231 2027 351 2101 efferati,
372 2029 474 2106 jugum
496 2034 621 2105 quatere,
643 2033 673 2085 et
696 2028 809 2106 Regem
831 2046 918 2087 ourru
940 2033 1074 2088 montera

61 2129 222 2199 ooeperant:
243 2123 311 2180 edm
322 2121 383 2196 ille,
396 2122 507 2181 veritus
520 2141 557 2180 ne
569 2121 653 2182 vivus
670 2123 783 2182 veniret
795 2123 826 2180 in
838 2122 967 2182 bostium
979 2129 1074 2200 potes·

59 2223 160 2289 tatem,
175 2214 282 2288 desilit,
296 2221 326 2272 et
338 2215 369 2272 in
382 2234 495 2292 equum,
509 2215 559 2292 qni
572 2215 593 2244 ²⁴
604 2214 643 2272 ad
654 2214 709 2274 boo
721 2215 818 2291 ipsum
831 2216 1014 2293 sequebatur,
1024 2215 1075 2275 im·

56 2310 195 2388 ponitur:
228 2308 391 2386 insignibus
417 2327 529 2386 quoque
555 2307 687 2385 Imperii,
713 2327 750 2368 ne
781 2308 881 2387 fugam
913 2309 1075 2387 proderent,

54 2403 336 2480 indeoore'abjeotis.
379 2403 455 2462 Tum
469 2403 536 2463 verb
550 2403 648 2464 oaeteri
668 2402 845 2482 dissipentur
857 2411 955 2481 metu;
977 2411 1007 2464 et
1018 2407 1076 2484 qud

53 2500 160 2578 eoique
181 2499 303 2577 patebat
323 2498 362 2556 ad
383 2499 483 2577 lugam
496 2499 552 2574 via,
566 2506 725 2576 erumpunt,
738 2518 820 2558 arma
839 2499 991 2576 janientes,
1011 2519 1076 2580 qum

52 2595 144 2673 paulo
169 2597 238 2654 ante
263 2595 301 2654 ad
321 2594 442 2654 tutelam
463 2611 615 2672 oorporum
633 2601 832 2672 sumpserant:
862 2596 883 2624 ¹⁶
893 2595 964 2656 adet
987 2615 1075 2674 pavor

51 2689 147 2748 etiam
176 2689 289 2748 auxilia
317 2689 461 2749 formidat.
503 2689 636 2750 Instabat
654 2689 834 2770 fugientibus
853 2709 978 2770 equesa
1003 2691 1074 2750 Par·

48 2785 189 2843 menione
210 2785 329 2861 missus,
343 2791 374 2844 et
393 2785 470 2844 forte
489 2782 576 2843 inid
595 2803 685 2844 eornu
697 2803 796 2844 omnes
814 2785 885 2864 luga
904 2785 1073 2846 abstulerat

46 2880 95 2938 At
110 2881 142 2937 in
165 2879 279 2954 dextro,
293 2879 392 2940 Persae
413 2879 568 2940 Thessalos
588 2879 701 2958 equites
720 2880 906 2940 vehementer
924 2879 1073 2960 urgebant.

45 2975 183 3054 Jamque
207 2993 265 3032 nna
277 2973 325 3033 ala
347 2975 410 3052 ipso
429 2975 539 3052 impetn
557 2973 723 3052 proeuloata
742 2982 814 3051 erat,
829 2977 850 3006 ¹⁶
860 2977 928 3034 edm
943 2976 1075 3037 Thessali

42 3069 171 3147 dilapsi,
186 3070 305 3130 strenue
329 3069 510 3129 eireumaotis
532 3071 621 3150 equis,
635 3088 735 3130 rursus
754 3071 785 3130 in
797 3071 929 3149 praelium
941 3073 1075 3149 redeunt,

40 3183 229 3243 sparsosque
251 3171 282 3224 et
305 3165 510 3242 inoompositos
522 3166 654 3226 victoriae
671 3165 776 3226 tanea
796 3167 943 3229 Barbaros
962 3168 1076 3249 ingenti

37 3259 127 3318 oaede
141 3266 344 3336 prosternunt
368 3259 465 3339 *Equi
484 3260 595 3338 pariter
608 3261 774 3342 equitesque
793 3263 956 3340 Persarum,
971 3267 991 3294 ¹'
1001 3264 1076 3324 serie

34 3354 230 3412 laminarum
250 3375 361 3434 greum,
383 3357 523 3436 ¹⁸agmen,
544 3355 621 3435 qnod
640 3357 788 3418 eeleritate
806 3359 934 3420 marium
953 3363 1075 3431 unumst,

32 3451 124 3536 ¹aegre
140 3449 361 3511 moliebantur:
381 3452 487 3530 quippe
510 3451 542 3512 in
563 3452 789 3536 oiroumagendis
802 3455 885 3534 equis
905 3453 966 3513 suis
986 3451 1076 3510 {lbos-

32 3545 97 3604 sali
111 3544 234 3604 multos
247 3554 465 3624 oeeupaverant
517 3547 583 3610 Hae
595 3552 803 3629 tamprospert
815 3551 913 3629 pugne
926 3544 1075 3620 annotatt,

32 3639 229 3700 Alexander
247 3659 305 3700 aon
326 3641 394 3702 ante
414 3661 502 3703 ansus
524 3645 659 3724 persequi
681 3645 830 3718 barbaros,
851 3642 996 3718 utrimque
1013 3641 1075 3717 jam

32 3733 140 3794 uiator
155 3735 275 3796 instare
287 3735 470 3814 fugientibus
482 3739 576 3825 eoepit
617 3739 709 3798 Haud
722 3737 850 3816 amplius
863 3736 974 3813 Regem
987 3738 1075 3816 quam

32 3829 123 3889 mille
139 3830 263 3910 equites
284 3831 482 3911 sequebantur,
497 3836 565 3894 adm
586 3835 686 3918 ingens
706 3830 863 3892 multitudo
884 3829 1011 3891 hostium
1030 3850 1075 3889 ea-

220 3930 240 3985 2
