2600 4394
348 377 470 420 urruu
497 378 553 418 ιι.
586 377 671 422 ur.
702 377 775 416 vir.
1026 361 1063 418 bi

84 523 134 579 tum
145 516 297 594 peregrinos
309 515 386 576 ritus
405 519 482 578 uere
496 515 639 576 subeunte
658 515 784 576 fortine.
826 515 887 574 Per
900 513 976 579 telos
989 515 1066 578 enin

81 611 197 690 spirantis
216 611 279 671 lora
300 613 423 687 trajeotu
442 618 521 685 sunt,
535 611 745 690 religatumque
759 611 796 670 ed
810 629 927 670 ourmm
948 614 1066 672 mere

80 707 146 766 riroo
155 706 244 768 urbem
259 706 339 784 equi;
362 707 505 782 gloriante
527 706 610 784 Rege
623 706 779 779 Achillem,
794 727 811 764 a
828 725 886 785 quo
899 725 990 785 genus
1003 707 1065 785 ipre

80 801 221 874 deduoeret,
235 801 382 860 imitatum
396 820 427 859 se
441 820 504 860 esee
518 804 603 878 poene
617 801 647 860 in
661 801 775 860 boetem
795 801 943 879 eapiendd.
987 801 1065 862 (leoi-

79 896 139 954 dbre
151 896 295 957 Pereerum
310 896 501 974 Arabumque
521 896 631 954 oiroax
652 895 762 971 miilia3
780 915 837 954 nee
857 895 1066 956 ideuedonibue

75 991 339 1052 iuorueutarietoria
350 991 417 1050 fnit.
462 991 585 1054 Obsidio
599 991 679 1050 oertd
693 1011 752 1050 non
764 999 824 1050 tam
838 991 972 1052 almitate
984 991 1066 1054 urbis

74 1087 277 1162 nobilitrteeet,
291 1089 382 1166 quium
401 1087 547 1165 geminato
569 1087 699 1164 perieulo
719 1087 822 1166 Regis,
836 1088 888 1166 qui
902 1087 1066 1166 AEgyptum

72 1182 296 1256 adirefestinens,
311 1183 476 1258 Amyntam
493 1202 559 1242 oum
580 1183 679 1242 deeem
700 1183 870 1242 triremibus
882 1181 914 1242 in
934 1181 1065 1244 Meeedo

69 1277 140 1336 niem
161 1277 225 1338 wod
248 1277 467 1356 inquisitionem
490 1295 631 1336 novorum
654 1277 780 1336 militum
802 1277 890 1336 misit
933 1277 1066 1356 Namque

67 1372 169 1448 preeliie
186 1373 275 1430 etiem
295 1371 433 1431 seeundie
452 1372 473 1400 '⁰
482 1371 683 1432 atterebantur
702 1371 808 1448 oopiae3
834 1371 1067 1450 deriemrumque

66 1468 190 1544 gentium
202 1467 299 1539 militi,
313 1466 438 1525 ³⁰1ninor
452 1467 541 1545 qudrn
555 1465 714 1526 domestioo
727 1466 798 1526 fides
811 1466 980 1526 hebebatur.

125 1559 197 1620 VII.
219 1564 265 1620 27.
288 1561 425 1639 AEgyptii
440 1563 448 1590 ¹
460 1561 531 1620 olim
545 1561 703 1622 Persarum
716 1561 822 1638 opibus
833 1561 947 1634 infensi,
962 1560 1068 1640 quippo

63 1657 149 1716 urard
163 1662 192 1714 et
215 1656 337 1733 superbe
362 1657 562 1734 imperitatum
584 1657 641 1716 sibi
663 1675 725 1716 esee
744 1657 908 1730 eredebant,
930 1656 966 1716 ad
987 1675 1067 1734 spem

60 1750 201 1811 adrentus
214 1753 278 1828 ejus
292 1759 444 1812 erexerant
463 1752 583 1826 ammos,
597 1751 700 1829 utpote
714 1751 765 1830 qui
779 1752 939 1829 Amyntore
952 1769 1067 1831 quoque

58 1846 243 1924 transfugam,
259 1847 312 1904 et¹
323 1867 388 1906 oum
401 1847 531 1924 preuario
553 1847 674 1924 imperio
687 1847 849 1907 venientem
870 1847 933 1906 lasti
945 1845 1067 1924 reoepie·

56 1947 130 1998 seut.
172 1941 270 2022 Igitur
283 1943 385 2017 ingene
399 1941 559 2002 multitudo
573 1941 735 2016 Pelusium,
750 1946 811 2020 qut
823 1943 986 2000 intraturus
999 1941 1068 2000 Rex

57 2035 218 2110 videbatur,
240 2043 422 2096 eonveueret
465 2037 565 2114 Atque
587 2037 638 2097 ille
664 2037 788 2114 septimo
811 2037 868 2112 die,
883 2045 1069 2116 postquema

54 2130 158 2190 'Geni
185 2131 283 2208 eopiae
312 2137 453 2208 moverat,
480 2131 511 2188 in
538 2131 685 2208 regionem
717 2130 853 2209 AEgypti,
880 2149 966 2210 quem
991 2149 1069 2190 nune

48 2228 178 2284 ⁴caetra
211 2224 383 2284 Alemodrr'
409 2231 523 2296 reoant,
554 2225 695 2300 pervenit
739 2225 853 2283 Deinde
886 2225 1070 2302 pedestribus

47 2319 148 2397 copiis
164 2318 318 2378 Pelusium
331 2325 432 2395 petere
453 2319 553 2394 jussis,
568 2319 631 2395 ipse
654 2337 720 2378 eum
742 2319 880 2396 expedite
894 2320 1070 2380 deleotorum

43 2434 152 2488 manu,
169 2413 199 2472 N
202 2413 242 2471 ilo
257 2431 340 2472 amne
352 2420 455 2475 veotus
469 2420 521 2472 eet
575 2413 604 2472 N
606 2433 640 2472 eo
652 2413 817 2474 sustinuere
837 2415 992 2475 triventum
1006 2418 1071 2494 ejus

42 2511 165 2584 Persae,
191 2507 352 2568 desertione
375 2527 489 2587 quoque
512 2509 669 2585 perterriti.
722 2509 849 2589 Jamque
871 2509 949 2570 band
969 2510 1068 2590 prooul

42 2603 189 2682 Memphi
204 2610 285 2679 eret5
308 2603 338 2660 in
352 2605 435 2680 eujus
449 2603 585 2681 praesidio
600 2603 733 2664 Monesen
755 2605 871 2666 Praetor
893 2607 976 2666 Darii
989 2607 1070 2666 reliu-

42 2710 109 2773 tus,
137 2699 249 2776 ⁵[ostio
271 2697 364 2758 omnis
388 2698 548 2776 superatoJ,
575 2699 743 2777 ootingeuta
764 2700 875 2760 talenta
891 2702 1070 2775 Alexandro,

42 2813 229 2873 omnemque
242 2793 353 2872 regiam
374 2793 584 2870 supelleetilem
597 2793 728 2854 tradidit.
771 2796 801 2852 A
816 2795 956 2872 Memphi,
971 2795 1071 2854 eodem

42 2890 175 2950 iumine
188 2896 301 2963 veetns,
315 2888 372 2948 ‘ad
386 2889 528 2950 interiore
535 2889 661 2968 AEgypti
675 2897 825 2967 penetrat,
848 2891 1071 2970 oompoeitieque

42 2986 153 3061 rebus,
167 2983 214 3042 ite
226 2991 262 3043 ut
274 2983 349 3042 nibil
357 3003 400 3068 ex
413 2985 513 3061 patrio
525 2984 736 3064 AEgyptiorum
754 3001 834 3044 more
848 2992 980 3064 mutaret,
993 2987 1073 3046 edire

42 3080 142 3142 iovis
159 3078 338 3138 Hammonis
352 3079 500 3138 orarulum
515 3081 627 3138 statuit

111 3178 166 3235 28.
213 3173 287 3248 Iter,
310 3174 457 3252 expeditis
478 3193 593 3253 quoque
615 3181 647 3232 et
667 3175 831 3251 pauoierix
852 3175 1013 3252 tolerabile,
1034 3179 1065 3236 in

42 3269 254 3351 grediendum
267 3276 349 3328 eret:
364 3273 447 3330 terre
455 3269 584 3348 ooeloque
594 3287 733 3348 equarum
746 3271 868 3349 penurie
882 3281 945 3332 est:
961 3273 1072 3332 steriles

42 3383 152 3425 trenee
170 3366 290 3448 jacent,
325 3383 398 3443 quas
423 3363 476 3424 ubi
502 3383 591 3442 vapor
615 3364 685 3423 solis
711 3367 849 3441 recendit,
877 3368 990 3426 fervido
1014 3367 1075 3425 eolo

42 3467 204 3522 txurente
227 3459 360 3537 vestigia,
383 3457 576 3519 intolerabilis
597 3467 687 3520 eostur
712 3461 830 3520 existit:
852 3459 1077 3536 luotandumque

45 3565 89 3616 st
107 3575 176 3612 non
192 3557 312 3612 tantdm
326 3575 391 3614 oum
406 3555 507 3614 ardore
521 3562 551 3614 et
561 3555 693 3616 eiooitate
707 3557 842 3634 regionis,
854 3557 905 3613 sed
917 3555 1004 3612 etiem
1013 3571 1078 3612 omn

42 3651 249 3712 enaoissimo
273 3649 381 3726 sabulo,
397 3651 495 3728 'qnod
516 3651 669 3728 praealtum
691 3659 722 3708 et
734 3650 858 3726 vestigio
872 3647 978 3706 oedens
1000 3651 1078 3728 aegre

42 3745 228 3805 noliuntnr
254 3745 353 3823 pedes.
410 3745 485 3804 Haeo
512 3745 651 3824 AEgyptii
678 3763 748 3805 vero
781 3743 892 3817 majora
922 3743 1073 3818 J'eotabunt

42 3840 110 3902 ted
150 3841 265 3920 ingens
300 3839 405 3918 cupido
439 3841 564 3903 animum
599 3839 772 3900 stimulabat
804 3835 931 3896 adeundi
963 3837 1080 3916 Jovem,
