2520 4390
177 347 217 410 70
524 363 667 414 uururr
696 361 837 404 suurn

175 499 284 562 fod‘mse
298 499 429 576 Darium,
442 500 501 580 qut
520 499 634 562 hostem
647 499 759 580 equites
779 499 950 562 missurum
964 515 1027 561 osse
1039 497 1199 562 credebat:
1255 541 1256 572 2

176 601 364 672 notatumque
377 600 454 654 oerto
474 594 556 673 signo
576 594 682 670 loenm,
696 601 731 653 ut
749 595 830 656 fraus
850 614 869 652 a
887 595 949 654 suis
962 593 1068 653 evitari
1089 600 1197 670 posset

177 687 333 748 Asservari
354 688 506 767 trumugs
527 691 620 764 jusso,
635 689 722 750 dnoes
741 695 889 763 oonvoost,
904 687 1095 765 expositoque
1118 688 1198 766 qued

174 781 341 840 nummatum
363 788 435 856 erat,
458 788 563 856 monet,
587 788 622 840 ut
649 782 795 861 regionem
816 788 1007 843 monstratam
1033 781 1195 856 declinent,

174 875 354 954 equitemque
378 876 537 954 perieulum
561 875 708 937 edooeant.
763 875 908 938 casurum
927 875 1096 936 hortuntem
1116 896 1196 936 exer·

174 971 250 1030 situs
262 970 401 1030 mondus
413 989 471 1030 non
484 977 607 1048 poteret,
620 990 706 1031 nsum
726 971 839 1033 surium
858 970 1060 1048 intercipiente
1074 972 1196 1030 fremitu

175 1063 298 1122 duorum
321 1063 486 1142 agminum:
508 1064 611 1124 sedin
630 1072 784 1142 eonspeotu
804 1065 931 1128 omnium
951 1065 1039 1126 duoes
1052 1072 1085 1124 et
1098 1068 1196 1144 proxi·
1255 1071 1256 1090 ³

176 1175 254 1216 mum
266 1175 405 1235 quemque
418 1157 629 1238 interequitans
644 1159 851 1238 alloquebatur.

235 1251 324 1314 XIV.
346 1255 393 1314 54.
415 1254 577 1314 “Emensis
599 1262 645 1314 tot
668 1262 763 1318 terras
783 1255 815 1314 in
838 1273 919 1332 spem
931 1253 1060 1328 vietoriso
1083 1255 1121 1314 de
1136 1261 1195 1334 qut
1255 1329 1256 1336 ἵ

174 1345 368 1406 dimicandum
387 1347 539 1423 ierotheo
560 1369 650 1408 unum
672 1366 821 1426 superesse
842 1348 1010 1425 diserinren3
1033 1347 1195 1410 Granicum
1255 1377 1256 1390 κ

173 1438 222 1500 hle
255 1461 374 1517 amnem,
404 1441 573 1521 (lilioimque
604 1449 724 1518 montes,
751 1449 782 1502 et
815 1442 939 1520 Syriam,
967 1443 1193 1524 AEgyptumqne

175 1534 387 1610 ¹praeeuntibus
399 1543 507 1612 raptae,
521 1536 648 1615 iugentia
667 1537 729 1614 spei
747 1536 903 1616 gloriaque
915 1536 1134 1604 inuitamenta”
1151 1559 1192 1598 re

173 1626 291 1686 ferebat
315 1628 543 1705 “Reprehensos
557 1649 594 1688 ex
606 1631 676 1708 fugi
689 1631 796 1692 Persas
808 1637 995 1710 pugnaturos,
1007 1631 1077 1710 quia
1087 1633 1191 1712 fugere

173 1737 231 1778 non
252 1727 388 1797 possent:
408 1722 528 1780 tertium
550 1723 628 1782 diem
649 1727 711 1801 jsm
729 1733 809 1786 metu
828 1745 996 1807 exsangues,
1018 1729 1110 1788 armis
1130 1730 1191 1790 suis

173 1819 315 1889 oneratos,
343 1813 375 1872 in
401 1815 500 1874 eodem
526 1818 652 1898 vestigio
678 1819 806 1882 haerere:
840 1821 954 1882 nullum
978 1821 1190 1900 desperationis

173 1906 291 1968 illorum
311 1910 405 1984 majus
426 1909 584 1972 ²indicium
604 1931 676 1990 esso,
696 1917 783 1993 quim
803 1916 883 1996 quod
903 1916 997 1992 urbes,
1009 1917 1091 1996 quod
1104 1937 1189 1998 egros

173 2019 249 2077 suos,
263 2011 397 2082 urerent3
419 2004 579 2085 ³quidquid
599 2027 656 2068 non
677 2011 879 2088 corrupissent,
892 2011 1019 2072 hostium
1039 2031 1105 2072 esse
1125 2034 1189 2074 eou-

173 2097 250 2158 fsssi.
293 2097 420 2160 Nomine
440 2102 525 2162 modd
538 2122 612 2165 vana
632 2105 761 2184 gentium
779 2106 945 2185 ignotarum
965 2127 1002 2166 ne
1021 2108 1188 2170 extimesce-

159 2201 254 2284 rent:
275 2213 369 2275 noque
395 2196 471 2258 enim
497 2197 535 2258 ad
561 2198 631 2262 belli
653 2201 807 2262 disorimen
830 2201 982 2278 pertinere,
1005 2203 1056 2282 qui
1079 2205 1119 2266 ab
1142 2205 1187 2266 his
1250 2236 1253 2244 ·

174 2287 299 2368 Seytbae,
313 2291 398 2370 quive
413 2291 534 2354 Cadusii
556 2296 756 2374 appellentur:
778 2295 815 2356 ob
829 2296 977 2374 idipsum,
991 2298 1072 2377 quod
1093 2299 1187 2380 ignoti

172 2392 277 2460 essent,
303 2386 444 2464 ignobiles
471 2407 549 2464 esse:
581 2394 728 2469 nunqutm
753 2391 882 2470 ignorari
908 2393 986 2463 viros
1012 2394 1121 2456 fortes:
1156 2403 1187 2456 st

172 2477 311 2551 imbelles,
325 2497 361 2536 ex
384 2479 504 2540 latebris
517 2483 578 2542 suis
601 2492 707 2560 erutor,
720 2485 795 2544 nibil
815 2493 922 2562 praeter
941 2487 1057 2548 nomina
1075 2491 1184 2552 afferre

173 2569 347 2630 Maoedones
369 2571 478 2632 virtute
501 2583 655 2655 asseoutos,
678 2598 714 2638 ne
736 2581 803 2659 quis
828 2589 889 2642 toto
910 2583 979 2644 orbe
999 2583 1079 2644 loeus
1099 2595 1185 2662 esset,

172 2664 222 2744 qui
243 2663 317 2726 tulos
339 2665 418 2727 viros
444 2667 598 2748 ignoraret.
654 2671 842 2736 Intuerentur
868 2676 1064 2738 Barburornm
1090 2681 1185 2742 ineos·

173 2759 267 2820 ditum
292 2781 411 2841 agmen:
444 2762 534 2824 alium
559 2765 634 2826 nihil
665 2776 771 2847 praeter
794 2771 924 2847 jaeulum
954 2772 1068 2849 hebere,
1095 2777 1186 2837 alium

171 2855 261 2918 fundt
281 2876 351 2916 saxa
373 2857 497 2938 librare,
526 2861 625 2938 paneis
646 2883 729 2924 arma·
742 2867 823 2942 justa
845 2885 914 2928 esse.
970 2867 1075 2947 Itaque
1101 2868 1185 2933 illino

171 2947 271 3026 plures
293 2950 397 3027 ‘stare
411 2953 478 3014 hino
501 2955 601 3034 plures
624 2957 829 3019 dimioaturos:
850 2981 901 3020 neo
921 2963 1066 3038 postulare
1088 2985 1131 3042 se,
1152 2975 1186 3026 ut

171 3041 287 3102 fortiter
301 3055 480 3122 oapesserent
492 3050 634 3127 praelium,
647 3051 679 3110 ni
688 3052 750 3130 ipse
763 3055 875 3116 oaeteris
887 3057 1066 3118 fortitudinis
1078 3060 1185 3122 fuisset

171 3137 355 3214 exemplum:
390 3159 421 3200 ss
447 3149 514 3202 ante
546 3147 640 3224 prima
666 3146 749 3226 signa
781 3147 1007 3213 dimicaturum:
1042 3155 1185 3232 spondere

170 3247 222 3308 pro
245 3249 284 3306 ss,
299 3239 369 3310 quot
391 3234 547 3316 eieatriees,
567 3241 690 3303 totidem
711 3245 839 3320 eorporis
860 3244 980 3308 deeora:
1002 3248 1075 3308 seire
1095 3249 1183 3328 ipsos,

170 3345 260 3386 unum
281 3329 356 3406 pene
376 3346 408 3388 se
429 3331 536 3406 praedae
557 3337 713 3396 eommunis
734 3345 897 3401 exsortem:
919 3341 949 3400 in
969 3343 1031 3402 illis
1051 3344 1184 3404 ooleudis
1217 3367 1220 3376 ·

170 3421 361 3501 ornandisque
388 3423 543 3502 ‘usurpare
569 3427 700 3490 vietoriae
722 3432 848 3509 praemis.
899 3434 972 3496 Haeo
998 3457 1029 3498 se
1055 3438 1184 3502 fortibus

169 3515 241 3576 viris
268 3517 369 3578 dioere.
422 3519 477 3579 ‘Si
503 3520 554 3599 qui
581 3521 736 3586 dissimiles
763 3546 862 3590 eorum
884 3537 988 3606 essent,
1012 3533 1064 3592 illa
1090 3535 1181 3596 fuisse

170 3609 330 3691 dioturum3
362 3614 524 3690 pervenisse
546 3616 589 3691 eb,
611 3618 686 3676 uude
707 3613 808 3702 fugere
829 3643 887 3682 non
905 3633 1038 3702 possent:
1059 3635 1105 3686 tot
1126 3637 1180 3688 ter·

168 3720 266 3766 rarum
277 3709 373 3786 spatia
392 3708 522 3786 emensis,
536 3716 581 3770 tot
600 3713 740 3792 amnibus,
759 3717 960 3798 montibusque
980 3728 1047 3800 post
1067 3729 1180 3804 tergum
1255 3717 1256 3764 l
