2642 4386
148 329 211 392 ala
499 343 642 398 currere
669 343 812 387 enarre

149 485 251 548 iodite.
292 484 430 564 'Anceps
442 484 647 564 genasauilii
661 483 802 560 estatio
816 481 992 545 suosaerids
1005 481 1087 542 furit.
1130 481 1169 543 In

150 582 261 642 bostem
275 579 352 640 enim
365 580 496 660 imperio,
511 581 542 641 in
563 599 631 642 suos
643 599 751 659 pavere
772 579 896 659 agitur.’'
939 577 1169 654 Haeclocutus,

149 677 278 738 concitat
300 697 407 758 equum
427 678 548 757 primus.
599 677 726 757 Jamque
750 677 797 754 (ut
824 675 1004 736 destinatum
1026 677 1102 755 erat)
1129 675 1172 734 in·

149 779 265 834 vaserat
291 773 408 833 ordines
436 773 574 850 hostiurn,
594 777 660 834 edm
688 771 796 834 Coenus
819 771 929 851 ingenti
951 772 983 832 ri
1004 771 1035 830 in
1063 769 1172 832 laerurn

150 887 241 928 cornu
267 867 422 929 invehitur.
466 869 601 928 Phalanx
622 888 737 949 quoque
760 865 886 928 mediam
910 865 1052 926 Indorum
1079 868 1172 927 aciem

149 983 209 1024 uno
223 964 334 1042 impetu
346 964 486 1042 perrupit.
529 965 574 1024 At
589 963 685 1024 Perus
700 965 759 1044 qud
774 965 902 1044 equitem
916 963 1015 1023 invehi
1030 969 1171 1039 senserat,

150 1057 263 1120 ballum
285 1059 333 1138 agi
352 1059 450 1136 jussit.
502 1059 561 1120 Sed
583 1060 710 1135 tardum,
725 1066 757 1119 ot
778 1061 853 1138 pond
876 1057 1025 1119 immobile
1052 1058 1171 1134 animal,

151 1173 291 1232 equorum
313 1154 498 1214 velocitatem
522 1175 638 1235 aequare
662 1173 721 1214 nen
742 1161 866 1234 poterat.
920 1153 968 1213 Ne
997 1154 1173 1232 sagittarum

151 1247 272 1329 quidem
296 1249 375 1308 nllus
400 1255 464 1309 erat
492 1249 634 1311 Barbarie
656 1269 737 1310 usus.
782 1248 898 1329 Quippe
923 1248 1024 1328 longas
1047 1257 1078 1308 et
1099 1269 1172 1328 prae·

151 1363 263 1423 graves
278 1345 335 1404 nisi
357 1345 441 1424 prius
463 1345 494 1405 in
509 1351 590 1406 terra
611 1353 779 1406 statuerunt
792 1363 901 1420 arcum,
915 1344 994 1403 haud
1015 1344 1088 1403 satis
1102 1345 1171 1422 aptet

153 1447 184 1500 at
197 1441 347 1502 commode
358 1443 529 1522 imponunt:
551 1451 615 1502 tum
628 1442 716 1501 humo
726 1441 840 1502 lubrica
855 1448 885 1500 et
895 1439 932 1501 eb
947 1440 979 1499 id
993 1440 1172 1518 impediente

153 1545 298 1612 cenatum,
318 1539 335 1567 ¹⁰
344 1537 496 1598 molientes
516 1539 594 1598 ictus
619 1537 772 1597 celeritate
794 1535 923 1596 hostium
946 1535 1170 1612 occupabantur.

154 1631 235 1711 Ergd
249 1640 348 1712 spreto
363 1633 455 1714 Regis
476 1635 598 1712 imperio
614 1633 704 1713 (quod
717 1634 778 1692 lere
793 1633 835 1707 fit,
849 1632 902 1692 ubi
923 1631 1051 1692 turbatis
1076 1631 1172 1690 acrius

152 1730 348 1806 metusqudm
370 1729 431 1788 dux
451 1729 597 1807 imperare
612 1729 712 1808 coepit)
727 1728 851 1788 tetidem
874 1735 957 1787 erant
980 1727 1172 1805 imperatores

153 1829 226 1902 quot
239 1823 354 1901 agmina
368 1824 514 1884 errabant.
558 1825 647 1884 Alius
670 1827 794 1902 jungere
808 1823 908 1898 aciem,
924 1823 1000 1882 alius
1022 1823 1169 1899 dividere;

152 1923 232 1976 stare
245 1917 372 1996 quidam,
389 1927 420 1978 et
432 1919 566 1978 nonnulli
580 1919 756 1980 circumvehi
771 1927 855 1999 terga
868 1919 999 1978 hostiurn
1016 1918 1169 1996 jubebant.

158 2012 177 2042 ¹¹
189 2009 275 2072 Nihil
288 2013 319 2071 in
332 2013 460 2074 medinm
475 2015 688 2075 consulebatur.
732 2014 829 2074 Porus
854 2023 951 2074 tamen
971 2033 1038 2074 cnm
1059 2014 1171 2092 paucis,

153 2109 260 2190 quibus
273 2118 356 2170 metu
375 2111 475 2190 potior
495 2112 593 2171 fuerat
612 2111 714 2190 pudor,
729 2111 865 2190 colligere
889 2111 1044 2189 dispersos,
1066 2109 1172 2171 obvius

154 2205 232 2266 hosti
252 2207 415 2288 inspergit,
432 2207 658 2288 elephantosque
677 2214 744 2266 ante
759 2227 861 2286 agmen
875 2225 994 2266 suerum
1010 2205 1057 2286 agi
1075 2205 1170 2282 jubet

156 2301 298 2383 Magnum
322 2305 428 2366 belluae
452 2305 578 2384 injecere
600 2312 751 2380 terrorem,
766 2303 959 2382 insolitusque
981 2301 1091 2360 stridor
1113 2319 1172 2360 non

155 2419 243 2478 equos
257 2400 353 2476 mode,
368 2407 427 2459 tam
441 2401 580 2478 pavidum
594 2401 634 2459 ad
649 2400 747 2460 emnia
761 2397 876 2476 animal,
888 2398 940 2458 sed
953 2397 1033 2458 viros
1046 2416 1173 2477 queque,

155 2493 328 2573 ordinesque
342 2495 520 2556 turbaverat.

216 2591 261 2647 48.
284 2587 308 2648 J
309 2609 355 2647 am
368 2590 447 2669 fugae
461 2589 732 2668 circumspiciebant
744 2590 841 2650 locum
854 2589 941 2669 paule
957 2591 1025 2648 ante
1035 2589 1172 2664 victores,

155 2685 220 2744 cnm
241 2685 411 2744 Alexander
433 2686 580 2764 Agrianes
600 2693 631 2744 et
653 2686 782 2745 Thracas
806 2686 910 2746 leviter
933 2693 1069 2760 armatos,
1084 2683 1105 2714 ¹'
1114 2703 1172 2743 me·

155 2781 258 2841 liorem
273 2781 497 2858 concursatione,
517 2783 605 2862 quam
628 2782 757 2841 cominus
781 2781 915 2856 militem,
938 2781 1037 2840 emisit
1059 2781 1091 2838 in
1110 2779 1172 2841 bel·

155 2877 227 2938 luas.
281 2879 436 2960 Ingentem
465 2880 487 2939 ii
508 2881 568 2940 vim
592 2877 717 2940 telorum
741 2879 868 2956 injecere
896 2886 926 2937 et
952 2877 1114 2956 elephantis
1142 2883 1173 2936 et

155 2975 323 3052 regentibus
338 2995 397 3036 eos.
440 2975 575 3036 Phalanx
600 2995 714 3056 queque
736 2975 846 3034 instare
871 2979 1036 3033 constanter
1058 2973 1172 3032 territis

156 3069 251 3146 coepit.
295 3071 355 3131 Sed
375 3073 493 3152 quidam
507 3073 621 3134 avidius
635 3072 782 3152 persecuti
806 3071 928 3146 belluas,
943 3071 974 3128 in
995 3076 1088 3128 semet
1109 3069 1172 3128 irri-

156 3167 255 3224 tavere
269 3165 447 3228 vulneribus.
491 3167 604 3230 Obtriti
629 3169 697 3248 ergd
721 3167 845 3247 pedibus
870 3185 969 3226 earum
992 3165 1115 3239 caeteris,
1136 3171 1174 3223 ut

155 3261 273 3340 parcids
297 3261 449 3338 instarent,
463 3263 544 3322 fuere
569 3265 781 3324 documentum.
825 3262 977 3341 Praecipue
1000 3261 1173 3321 ¹¹terribilis

156 3357 209 3418 illa
229 3357 317 3417 facies
338 3364 410 3432 erat,
430 3360 499 3416 edm
524 3359 543 3388 ¹⁴
553 3380 641 3419 manu
665 3379 745 3419 arma
767 3360 904 3438 viresque
927 3358 1115 3436 corriperent,
1141 3363 1174 3415 et

157 3475 245 3534 super
268 3473 300 3514 se
323 3453 490 3533 regentibus
513 3454 672 3514 traderent.
728 3455 846 3532 Anceps
872 3455 941 3533 ergd
964 3471 1071 3532 pugna,
1093 3469 1172 3512 nnnc

156 3551 339 3632 sequentium
361 3569 437 3610 nunc
459 3549 635 3627 fugientium
656 3549 834 3628 elephantos,
847 3547 878 3608 in
898 3549 1025 3610 multum
1045 3547 1104 3608 diei
1123 3567 1171 3608 ea

157 3647 232 3706 rium
254 3654 398 3707 certamen
422 3645 557 3723 extraxit,
581 3645 671 3705 donec
692 3643 843 3704 securibus
865 3643 909 3720 (id
933 3663 1056 3724 namque
1079 3661 1171 3723 genus

156 3743 261 3801 auxilii
273 3751 467 3822 praeparatum
481 3745 555 3822 erat)
570 3741 660 3821 pedes
682 3747 831 3818 amputare
856 3747 1012 3818 coeperunt.
1055 3737 1171 3817 1’(10ρὶ-

157 3835 209 3894 das
221 3846 326 3898 recent
338 3839 452 3918 gladios
466 3839 570 3900 leviter
591 3843 735 3912 curvatos,
749 3835 872 3897 falcibus
892 3835 1011 3910 similes,
1025 3833 1109 3914 queis
1122 3853 1172 3914 ap-
