2600 4394
208 459 248 517 54
556 457 695 513 QUINTI
721 450 861 496 eumen

206 611 299 673 manti
310 607 395 668 iidem
408 602 525 678 oraculi,
539 619 614 662 vena
633 595 763 676 proffflid
782 605 920 668 10⁵P⁰ffl
931 581 1024 646 Vidffli
1036 577 1218 658 Ροῗῑῑῗθῦθῐὶιε

208 707 260 768 sed
289 706 415 777 fortuna,
438 715 510 779 ques
532 697 583 756 uni
604 693 663 754 sibi
684 689 798 748 eredere
821 679 1218 785 ooegIt‚-m⁸gss,}„fflffi

209 801 309 862 avidos
323 799 424 880 gloriae
434 794 535 872 megin,
549 792 567 821 ⁸⁰
577 791 667 870 quim
679 779 917 878 “widdeiibm
934 803 1040 878 jussit:
1061 821 1214 881 rerumque

210 917 241 959 se
253 915 312 956 uon
325 887 590 974 soldmamff'udm
604 917 710 976 augere
722 897 796 972 vult,
810 897 865 956 tali
887 896 1077 974 appellatione
1091 916 1213 955 eorrmn

201 1003 253 1072 prt.
295 993 365 1052 ”Iit
391 993 571 1068 Maoedones‚
595 993 700 1052 assueti
721 993 837 1072 quidem
860 992 940 1071 regio
960 991 1090 1069 imperio,
1112 993 1166 1052 sed
1186 993 1214 1048 in

203 1089 311 1164 majore
324 1087 468 1147 libertatis
490 1087 592 1148 umbra
605 1092 692 1167 quim
713 1093 824 1148 eaeteroe
844 1095 952 1166 gentes,
966 1087 1214 1144 immortalitatem

203 1182 392 1258 affeotantem,
405 1183 605 1242 oontaunaeids
625 1183 713 1262 quim
726 1191 776 1242 aut
797 1182 869 1260 ipsis
883 1181 1051 1258 expediebat
1064 1187 1117 1239 aut
1131 1181 1213 1260 Regi,
1277 1231 1278 1238 ,

203 1277 346 1337 adversati
369 1284 443 1338 aunt
495 1277 553 1339 Sed
575 1278 638 1338 hae
662 1297 713 1338 suo
736 1295 857 1357 quaeque
878 1277 1004 1354 tempori
1022 1283 1212 1335 reserventur.

204 1371 288 1432 Nune
302 1379 406 1433 caetera
419 1375 535 1454 exsequi
547 1391 671 1452 pergam.

263 1468 356 1529 VIII.
378 1473 423 1531 31.
445 1467 611 1530 Alexander
625 1469 662 1528 ab
676 1468 838 1526 Hammone
857 1465 981 1540 rediens,
993 1471 1029 1524 ut
1040 1465 1087 1523 ad
1101 1465 1214 1524 Mareo-

204 1564 257 1621 tim
279 1563 411 1640 paludem
431 1563 509 1622 haud
529 1563 631 1640 proeul
652 1562 748 1620 insula
768 1561 864 1620 Pharo
884 1561 969 1620 sitam
981 1559 1070 1634 venit·
1090 1568 1213 1618 oontem-

203 1657 300 1734 platua
320 1657 377 1714 loei
399 1663 541 1730 namram,
564 1657 692 1732 primaim
714 1656 745 1714 in
767 1655 831 1733 ipra
845 1653 1093 1715 imulestatuerat
1112 1655 1214 1715 urbem

202 1769 306 1808 noram
332 1750 460 1809 euadere.
502 1749 586 1825 Inde,
610 1757 643 1808 ut
667 1750 800 1827 apparuit
828 1753 961 1828 ²magnae
987 1750 1066 1809 sadis
1087 1749 1215 1808 insulam

103 1886 109 1900 .
203 1843 279 1904 haud
294 1861 433 1922 capacem,
448 1843 536 1923 elegit
555 1845 620 1905 urbi
634 1844 726 1903 loeum
738 1845 790 1905 ubi
806 1863 881 1904 nune
902 1851 947 1904 est
967 1843 1157 1920 Alexandria,
1170 1863 1215 1922 ap

202 1938 386 2020 pellatiouam
393 1939 512 1998 trahens
520 1957 556 1997 ex
563 1940 677 1998 nomine
683 1938 825 1998 austeris:
839 1939 1000 2016 eomplexua
1007 1938 1152 2017 quidquid
1160 1939 1216 1999 loei

204 2041 248 2093 est
260 2033 337 2092 inter
349 2033 483 2119 paludem
492 2041 522 2092 et
531 2053 617 2109 mare,
631 2033 795 2113 ’octoginta
805 2035 958 2093 stadiorum
969 2035 1060 2093 muris
1071 2035 1215 2094 ambitum

206 2129 344 2207 destinat;
377 2130 479 2209 etqui
507 2129 682 2190 aedilieandae
707 2128 775 2190 urbi
796 2135 953 2206 praeessent
979 2128 1099 2204 relictis,
1124 2129 1217 2188 Mem·

205 2225 282 2304 plrim
304 2226 387 2304 petit.
431 2225 556 2304 Cupido,
571 2225 649 2284 haud
668 2225 777 2302 injusta
796 2223 921 2302 quidem,
942 2225 1081 2283 easterdm
1095 2223 1217 2284 aintem·

205 2323 314 2398 pestiva
339 2322 504 2396 iuoeaserat
530 2338 588 2380 non
615 2321 751 2379 interiora
777 2318 863 2377 modb
889 2319 1024 2397 AEgypti,
1048 2317 1099 2378 aed
1126 2321 1217 2379 etiam

203 2416 406 2491 ‘AEthiopiam
426 2415 559 2474 invisere.
603 2415 766 2472 Memnonis
781 2413 957 2492 Tithonique
977 2413 1122 2478 celebrata
1134 2415 1218 2493 regia

204 2509 409 2585 cognoscenda
422 2509 577 2566 vetustatis
590 2507 709 2566 avidum·
722 2507 858 2567 trahebat
877 2508 951 2586 peni
967 2515 1050 2566 extra
1074 2511 1217 2568 terminos

206 2601 289 2662 solio.
333 2600 392 2660 Sed
406 2599 575 2659 'imminens
599 2601 716 2675 bellum,
731 2603 814 2678 eujus
837 2603 930 2660 multd
953 2605 1045 2679 major
1067 2611 1219 2680 supererat
1277 2599 1278 2630 ³

205 2697 304 2774 moles,
339 2696 439 2756 otiosas
471 2695 695 2772 peregrinationi
728 2703 859 2774 tempora
892 2704 1046 2756 exemerat.
1108 2698 1218 2778 Itaque
1277 2707 1278 2716 ’

206 2793 337 2873 AEgypto
361 2791 492 2870 praefeolt
507 2789 680 2868 AEsohylum
701 2791 860 2866 Rhodium,
875 2799 905 2850 et
930 2793 1098 2851 Peuaestem
1120 2793 1218 2852 Maee-

206 2888 317 2964 donem,
330 2895 453 2965 quatuor
474 2885 603 2946 millibus
624 2885 752 2944 militum
765 2887 796 2944 ln
815 2887 983 2962 praesidium
1004 2887 1130 2964 regionis
1153 2891 1219 2964 ejus

74 3055 87 3078 „
206 2981 298 3040 datis:
313 2982 456 3040 ‘elaustro
471 2981 535 3040 Nili
548 2983 673 3040 flumiuls
689 2981 875 3040 Polemonem
888 2982 965 3040 tueri
976 2981 1077 3058 jubet3
1093 2983 1219 3060 triginta

206 3075 243 3134 ad
257 3076 310 3136 hoo
332 3077 465 3135 triremes
486 3077 571 3136 datae.
615 3076 727 3136 Afrieae
751 3075 865 3150 deiudd,
879 3095 945 3154 quae
960 3075 1092 3155 AEgypto
1113 3079 1220 3154 juncta

206 3177 260 3244 est,
284 3171 458 3247 praepositus
485 3170 695 3248 Appollonius3
725 3170 917 3249 veetigalibua
945 3172 1074 3248 ejusdem
1102 3173 1220 3232 Afrieae

208 3264 398 3343 AEgyptique‚
425 3263 601 3324 Cleomenes.
654 3267 703 3325 Ex
729 3265 860 3324 finitimis
883 3266 1004 3326 urbibus
1028 3267 1220 3346 commigrare

208 3359 418 3420 Alexandriam
435 3359 535 3436 jussis,
549 3361 669 3418 ⁷novam
683 3359 785 3419 urbem
798 3361 902 3438 magud
915 3361 1102 3420 multitudiue
1116 3361 1219 3439 imple·

208 3459 257 3517 vit.
300 3455 390 3516 Fama
404 3461 458 3524 eat,
473 3455 541 3512 adm
556 3453 624 3512 Rex
637 3452 719 3514 urbia
733 3456 840 3515 iuturae
853 3475 951 3514 muros
964 3455 1089 3534 pelenti,
1104 3464 1140 3514 ut
1154 3457 1220 3516 Ma-

208 3551 347 3610 eedonum
368 3565 430 3608 mos
445 3556 499 3622 est
513 3547 699 3622 destindss'et,
714 3550 810 3608 avium
831 3567 932 3628 greges
952 3549 1111 3627 advolasse,
1127 3558 1156 3609 et
1170 3571 1222 3629 po·

208 3644 288 3704 lentt
302 3665 365 3705 asae
378 3653 484 3724 pastas.
529 3643 660 3722 Oquue
671 3643 702 3702 id
711 3661 793 3703 omen
803 3665 854 3722 pro
865 3646 945 3704 tristi
956 3646 1126 3725 apleriaqua
1140 3657 1225 3707 esset

209 3748 366 3817 receptum,
381 3740 565 3820 respondisse
578 3746 670 3815 vates,
684 3759 817 3818 magnam
830 3741 911 3801 illam
926 3741 1027 3802 urbem
1041 3742 1224 3804 advenarum
