2642 4386
325 370 448 414 arasa
478 371 549 413 v11.
580 371 666 414 car.
698 373 752 418 vr.
994 355 1046 416 161

91 512 161 592 'taque
182 516 226 572 sut
246 518 340 590 sponte
364 513 426 590 jam
447 519 551 588 motos,
576 519 656 572 metu
680 531 773 591 poenae
796 511 874 572 haud
895 511 1049 572 difficulter

91 607 299 667 mcitaveruntad
313 627 400 667 erma.
442 607 622 683 Alexander,
644 609 861 686 transfugarum
886 609 1047 668 defectione

91 705 203 780 imperti,
221 700 360 762 Craterum
383 701 517 762 obsidere
542 699 710 781 Cyropolim
730 703 821 780 jubet.
867 703 936 780 Ipse
957 703 1046 762 eliam

91 798 154 856 rbem
173 797 279 876 regionis
300 795 431 874 ejusdem
456 800 562 856 corone
585 798 681 875 capit:
703 797 843 876 signoque
865 805 899 856 ut
921 797 1046 876 puberes

91 893 272 967 ,terficereutuq
288 893 365 969 dato,
379 891 486 971 reliqui
500 893 530 950 in
543 893 671 970 praedam
685 896 798 952 cessere
811 893 939 952 victoris.
966 893 1046 954 Urbs

92 995 248 1062 rumestat
266 987 362 1048 coeteri
384 987 475 1046 cladis
490 990 553 1065 ejus
568 985 700 1066 exemplo
715 988 939 1048 continerentur.
983 989 1043 1048 Me·

91 1084 161 1160 aceri,
181 1081 265 1142 valida
285 1101 364 1162 gens,
387 1083 575 1156 obsidionem,
596 1101 653 1142 non
674 1089 709 1141 ιιι
729 1083 923 1142 honestiorem
944 1084 1042 1159 modd,

91 1177 101 1234 i
122 1179 198 1236 etiam
217 1185 248 1236 ut
269 1178 404 1236 tutiorem
428 1178 505 1236 ferre
529 1177 723 1238 decreverant.
766 1179 816 1238 Ad
836 1197 960 1257 quorum
979 1199 1042 1257 per·

93 1274 175 1331 aciem
200 1271 382 1349 mitigandam
411 1272 479 1331 Rex
510 1273 720 1350 quinquaginta
747 1273 860 1351 equites
893 1275 1042 1351 praemisit‚

91 1369 95 1426 i
120 1367 286 1426 clementium
313 1367 407 1444 ipsius
439 1367 470 1424 in
504 1366 629 1440 deditos,
658 1365 801 1445 simulque
835 1367 1043 1428 inexorabilem

94 1483 165 1520 mum
187 1463 215 1520 in
238 1461 364 1521 devictos
389 1461 583 1521 ostenderent.
626 1461 679 1520 Illi
705 1481 759 1520 neo
780 1461 817 1521 de
844 1463 910 1536 tide,
933 1482 986 1521 neo
1007 1463 1044 1522 ds

91 1558 168 1615 entit
181 1557 267 1636 Regis
280 1557 357 1635 ipsos
372 1557 506 1617 dubitare
525 1557 710 1635 respondent,
731 1557 903 1638 equitesque
924 1558 1043 1620 tendere

91 1674 120 1710 ra
132 1653 302 1711 munimenta
314 1653 396 1713 urbis
407 1653 520 1730 jubent.
564 1653 764 1732 Hospitaliter
777 1653 882 1713 deinde
896 1661 1042 1732 exceptos,

91 1767 191 1827 vesque
214 1748 305 1827 epulis
332 1755 362 1807 et
389 1767 496 1826 somno,
519 1747 695 1826 intempeste
719 1756 804 1808 nocte
831 1749 928 1808 adorti
955 1750 1042 1810 inter·
1067 1785 1079 1804 a

91 1851 168 1902 runt.

91 1943 135 1998 26.
157 1939 323 1999 Alexander
344 1939 423 1998 haud
445 1941 530 1999 secde
552 1941 640 2019 qudm
661 1959 714 2018 per
735 1947 799 2000 erat
820 1947 925 2016 motus,
939 1939 1042 2002 urbem

91 2037 133 2092 nd
154 2033 353 2108 circumdedit,
367 2034 554 2094 munitiorem
576 2036 664 2112 qudm
686 2043 721 2092 ιιι
742 2035 838 2112 primo
852 2035 964 2112 impetu
977 2036 1043 2114 capi

91 2136 131 2186 et.
174 2127 277 2206 Itaque
303 2127 483 2206 Meleagrum
506 2133 536 2186 et
559 2127 729 2186 Perdiccam
750 2129 781 2186 in
795 2128 945 2189 obsidione
965 2131 1042 2206 [ejus

91 2223 183 2301 iquit3
205 2223 267 2300 ipse
281 2241 347 2280 cum
366 2222 487 2300 reliquis
508 2223 665 2300 profectus,
681 2221 797 2282 Crateri
817 2242 933 2302 quoqne
947 2224 1044 2300 copias

92 2319 96 2390 l
123 2317 232 2396 jungit,
263 2315 439 2395 Cyropolim,
468 2317 513 2394 (ιιι
540 2318 608 2375 antd
643 2317 753 2377 dictum
781 2325 839 2398 est)
867 2317 1042 2378 obsidentes.

92 2421 174 2472 uerat
197 2420 297 2472 autem
319 2431 437 2490 parcere
460 2412 527 2474 urbi
549 2411 675 2472 conditae
697 2433 716 2472 a
739 2413 837 2492 Cyro:
857 2414 965 2493 quippe
986 2433 1044 2473 non

92 2531 106 2567 n
134 2509 274 2590 gentium
302 2509 420 2568 illarum
452 2509 545 2588 magis
573 2508 734 2568 admiratus
761 2517 816 2585 est,
844 2510 933 2590 quam
965 2510 1043 2569 huuc

92 2627 129 2663 rm
152 2612 184 2664 et
208 2605 403 2680 Semiramim‚
418 2623 491 2684 quos
512 2612 543 2663 et
566 2605 765 2683 magnitudine
789 2606 888 2681 animi,
904 2613 935 2665 et
958 2605 1042 2666 oleri·

95 2721 200 2760 rerum
224 2701 313 2779 longe
336 2701 488 2760 emicuisse
511 2701 656 2761 credebat.
710 2699 859 2762 Geetordm
883 2701 1044 2779 pertinacia

92 2799 230 2855 lanorum
260 2799 325 2872 ejus
358 2796 432 2856 iram
465 2796 606 2856 accendit.
663 2795 770 2875 Itaque
797 2803 912 2873 captam
941 2796 1044 2856 urbem

92 2896 96 2948 ζ
109 2891 208 2967 jussit
222 2898 257 2948 et
271 2890 373 2950 deleri.
406 2891 492 2966 Tum,
502 2891 681 2950 Memacenis
694 2892 773 2950 haud
786 2891 896 2968 injurie
909 2891 1042 2968 infestus,

92 2985 269 3062 leleagrum
290 2992 322 3042 et
344 2985 514 3044 Perdiccam
533 2986 619 3045 redit
663 2985 723 3045 Sed
742 3005 801 3045 non
822 2985 879 3045 elia
898 2987 968 3048 urbs
987 2990 1042 3049 lor·

94 3079 278 3140 bsidionem
293 3078 381 3155 tulit3
403 3080 511 3158 quippe
525 3087 556 3140 et
576 3079 731 3139 ¹⁰militum
750 3082 958 3160 promptissimi
972 3085 1042 3144 oeci·

104 3183 139 3235 et
170 3176 243 3254 ipse
271 3174 342 3234 Rex
364 3174 401 3233 ad
422 3173 559 3233 ultimum
584 3175 747 3253 periculum
768 3177 857 3238 venit.
909 3179 1043 3258 Namque

92 3294 95 3329 ;
122 3273 196 3348 ejus
226 3291 305 3331 saxo
319 3271 363 3328 ita
386 3270 446 3330 icta
470 3277 524 3345 est,
538 3279 573 3329 ut
586 3270 677 3331 oculis
699 3273 822 3352 caligine
843 3275 937 3334 offusa
958 3275 1042 3334 colla·

92 3388 125 3440 rr,
145 3369 166 3395 ¹¹
180 3386 224 3425 ne
249 3366 360 3425 mentis
382 3366 500 3445 quidem
522 3385 645 3445 compos.
689 3367 846 3431 Exercitus
867 3372 947 3430 certe
961 3369 1044 3428 velut

92 3491 94 3508 ι
123 3481 162 3522 eo
180 3461 347 3540 ingemuit.
391 3461 450 3523 Sed
472 3461 599 3522 invictus
620 3463 759 3525 adversus
780 3485 815 3525 ee
836 3485 902 3543 quas
922 3469 1043 3522 caeteros

93 3565 117 3632 t,
137 3558 290 3618 nondum
307 3559 327 3588 ¹²
338 3567 492 3637 percurato
501 3560 628 3638 vulnere,
643 3562 742 3620 acrids
757 3559 901 3621 obsidioni
915 3557 1041 3633 institit;

93 3654 166 3712 lem
187 3653 210 3681 ¹³
224 3651 413 3714 celeritatem
432 3656 478 3714 irt
491 3657 663 3716 concitante.
715 3653 858 3715 Cuniculo
872 3652 940 3727 ergd
956 3650 976 3680 ¹⁴
984 3653 1042 3710 sul-

102 3750 235 3808 moenia
270 3749 374 3828 ingens
400 3751 546 3812 nudavere
573 3752 710 3830 spatium,
738 3767 790 3826 per
818 3747 896 3826 quod
927 3747 1041 3828 irrupit,

93 3865 146 3922 que
164 3845 291 3906 urbem
306 3843 382 3904 dirui
394 3846 491 3932 jussit
