2520 4390
346 321 469 364 nmen
499 321 533 364 v.
566 323 651 364 car.
681 323 752 366 xri.
988 305 1043 366 toa

71 463 127 524 nt.''
181 463 252 525 Haec
274 461 452 544 agitantibus
476 461 639 523 Ambae
663 462 837 542 supervenit,
865 461 927 524 sira
950 461 1044 544 Regis

71 580 137 635 ussu,
155 559 210 620 sire
230 561 282 620 sut
303 565 411 636 sponte,
426 557 568 618 affirmans
588 557 752 638 mitigatum
774 577 836 619 esse
860 557 990 634 Darium,
1014 565 1044 619 et

71 655 167 713 undem
176 653 231 714 illis
244 653 378 713 amicitiae
392 653 514 733 gradum
527 658 627 730 patere
640 651 718 730 apud
730 653 849 732 Regem
884 652 939 712 Illi
951 653 1043 733 lacry-

71 757 154 826 antes,
167 769 236 809 nunc
256 768 379 829 purgare
404 765 444 824 se,
466 767 542 806 nuno
561 747 739 808 Artabazum
760 767 851 824 orare,
872 755 906 808 ut
929 766 1043 810 causam

71 864 159 905 sorum
170 851 305 920 tueretur,
320 861 474 922 precesque
487 843 635 920 perferret
691 841 1043 920 saepememoratus

71 939 110 998 cis
129 947 196 1016 ortu,
219 939 402 1000 Nabarzanes
424 956 489 996 cum
509 936 673 996 Bactrianis
691 937 834 998 militibus
854 937 1043 998 investibulo

71 1035 166 1094 raetorii
179 1035 286 1110 aderat,
301 1031 438 1092 ‘’titulum
451 1032 586 1092 solemnis
608 1031 694 1091 officii
715 1031 827 1092 occulto
848 1033 949 1094 sceleri
971 1053 1043 1112 prae·

71 1149 133 1189 rens.
184 1129 301 1204 Darius,
320 1128 401 1207 signo
415 1125 452 1186 ud
465 1126 590 1186 eundum
604 1125 681 1202 dato,
695 1145 811 1186 currum
828 1128 951 1210 pristino
964 1147 1043 1189 moro

71 1225 199 1286 escendit.
262 1222 445 1284 Nabarzanes
468 1221 620 1300 caeterique
640 1222 800 1298 parricidae,
824 1223 1044 1300 procumbentes

71 1321 120 1394 mi,
133 1339 214 1398 quem
235 1318 322 1395 paulo
341 1323 409 1394 post
429 1316 461 1373 in
474 1316 597 1376 vinculis
609 1315 740 1374 habituri
759 1323 848 1392 erant,
861 1317 1044 1378 'sustinuere

71 1415 173 1494 aerari,
184 1413 324 1490 lacrymas
335 1411 430 1486 etiam,
439 1408 616 1488 poenitentiae
626 1408 745 1484 indices,
752 1410 956 1488 profuderunt:
970 1411 1044 1470 adet

72 1508 161 1567 manis
174 1505 297 1586 ingeniis
310 1513 413 1584 parata
425 1504 572 1564 simulatio
592 1512 643 1566 est.
705 1506 716 1534 ⁸
724 1507 832 1565 Preces
852 1505 966 1582 deinde,
981 1525 1044 1584 sup-

73 1603 143 1662 citer
156 1603 286 1678 admotae,
301 1601 431 1676 Darium,
445 1604 551 1658 nature
565 1601 725 1680 simplicem
739 1607 769 1660 et
788 1601 896 1677 mitem,
909 1621 967 1661 non
986 1621 1044 1662 cre·

71 1719 96 1756 re
109 1697 191 1757 modo
204 1717 268 1776 quae
282 1696 468 1772 affirmabant,
484 1695 534 1755 sed
547 1697 635 1755 etiam
648 1697 716 1756 flere
729 1703 893 1776 coegerunt
948 1697 994 1756 Ac
1006 1715 1042 1756 ne

71 1815 89 1850 n
102 1793 214 1872 quidem
227 1792 347 1872 cogitabi
368 1791 485 1872 sceleris
506 1791 650 1870 poenituit,
672 1793 740 1850 otim
761 1792 951 1868 intuerentur,
973 1811 1041 1872 qua·

71 1910 82 1946 1
96 1897 124 1948 et
138 1889 246 1967 Regem
260 1895 289 1946 et
304 1887 399 1947 virum
412 1885 555 1946 fallerent.
616 1887 676 1946 Ille
689 1887 804 1966 quidem
816 1889 826 1916 ⁸
837 1905 954 1947 securus
968 1887 1043 1966 pen'·

72 1985 83 2042 i
107 1984 184 2063 quod
216 1983 351 2058 instabat,
373 1981 536 2040 Alexandri
567 1999 679 2058 manus,
709 2001 780 2061 quas
803 1983 879 2042 solas
912 1983 1042 2058 timebat,

71 2099 147 2156 igere
161 2077 342 2156 properabat.

85 2173 144 2232 XI.
167 2177 214 2232 29.
235 2173 348 2230 Patron
369 2177 465 2229 autem
488 2170 657 2233 Graecorum
680 2170 740 2230 dux
760 2171 897 2248 praecepit
918 2171 988 2246 suis,
1008 2177 1044 2230 nt

71 2288 105 2326 ra
119 2266 228 2347 quaein
242 2265 363 2325 sarcinis
383 2265 472 2323 antea
484 2265 651 2325 ferebantur
664 2263 825 2341 induerent,
839 2266 877 2324 ad
897 2285 979 2325 omne
992 2265 1043 2324 im·

71 2364 137 2421 ium
150 2383 233 2421 suum
247 2362 350 2439 parati,
365 2367 394 2418 et
407 2359 520 2419 intenti.
555 2359 624 2438 Ipse
638 2379 751 2419 currum
762 2359 854 2440 Regis
862 2360 1042 2441 sequebatur,

71 2457 186 2516 easioni
208 2456 361 2515 imminens
386 2455 551 2535 alloquendi
573 2475 656 2534 eum,
686 2456 791 2535 quippe
818 2455 904 2516 Bessi
929 2457 1041 2518 facinus

71 2559 225 2613 asenserat.
278 2551 336 2612 sed
350 2551 461 2611 Bessus
482 2550 514 2610 id
536 2551 632 2629 ipsum
654 2559 794 2628 metuens,
820 2559 917 2612 custos
940 2555 1041 2614 veritis

71 2671 105 2709 m
120 2667 226 2725 comes,
241 2667 259 2706 a
272 2667 359 2707 curru
371 2667 430 2708 non
443 2647 602 2708 recedebat.
644 2647 706 2706 Diu
720 2651 789 2728 ergd
803 2649 915 2708 Patron
927 2657 1041 2708 cuncta·

95 2764 132 2803 ao
154 2744 285 2822 'saepids
308 2763 437 2802 sermone
463 2750 605 2818 revocato,
627 2743 704 2802 inter
736 2744 821 2802 fidem
853 2744 1041 2823 timoremque

71 2842 168 2915 itane,
184 2840 297 2918 Regem
310 2839 486 2899 intuebatur.
543 2837 602 2908 Qui
614 2843 650 2896 ut
663 2837 781 2896 tandem
795 2836 921 2897 advertit
933 2839 1040 2916 oculos,

71 2955 170 2994 racem
185 2935 341 3012 spadonem
351 2934 427 2992 inter
440 2934 585 3011 proximos
598 2952 714 2992 currum
725 2939 890 3012 sequentem
908 2953 1040 3012 percunc-

78 3031 185 3109 jubet,
200 3049 271 3088 num
284 3028 355 3107 quid
367 3029 424 3106 ipsi
446 3029 520 3090 velit
542 3027 658 3088 dicore?
721 3028 832 3088 Patron
853 3049 884 3089 se
896 3014 980 3108 vert,¹
988 3031 1041 3092 sed

71 3128 136 3187 otis
151 3125 283 3200 arbitris,
297 3125 376 3204 loqui
388 3125 464 3185 velle
477 3144 542 3183 cum
556 3144 590 3183 eo
604 3124 758 3203 respoudit.
801 3125 964 3208 Jussusque
974 3147 1039 3206 pro·

88 3223 244 3297 accedere,
258 3221 321 3280 sine
335 3221 494 3298 interprete
517 3219 600 3298 (nam
612 3219 689 3280 hand
707 3220 788 3281 rudis
802 3221 911 3284 Graecae
930 3220 1038 3300 linguae

71 3320 122 3376 ius
137 3321 227 3396 erat),
250 3319 267 3351 “
279 3315 374 3392 Bex‚”
387 3315 493 3394 inquit,
520 3317 537 3350 “
551 3335 587 3374 ex
600 3316 807 3397 quinquaginta
816 3318 946 3379 millibus
960 3316 1040 3376 (ἕνω-

71 3433 109 3470 m
134 3430 325 3489 supersumus
347 3411 442 3488 pauci,
455 3429 553 3471 omnes
574 3411 697 3472 fortunae
717 3419 778 3474 tuae
799 3413 938 3472 comites:
958 3415 989 3467 et
1008 3409 1040 3468 in

71 3517 134 3566 tuo
150 3512 234 3564 statu
247 3505 343 3582 iidem,
357 3506 407 3585 qui
426 3507 543 3566 florente
563 3513 593 3567 te
612 3509 727 3584 fuimus,
748 3522 937 3588 quascumque
957 3501 1040 3562 sedes

71 3603 147 3676 eris,
163 3620 219 3678 pro
240 3601 336 3678 patriai
358 3608 388 3660 et
409 3601 573 3662 domesticis
590 3603 676 3664 rebus
697 3599 829 3680 petituri.
903 3595 1040 3659 amunta

71 3716 203 3774 rrsaeque
218 3714 266 3755 res
279 3703 339 3756 tuae
358 3697 529 3775 copulavere
547 3717 601 3756 nos
622 3705 726 3755 tecum.
788 3693 848 3751 Per
867 3690 941 3750 hanc
953 3691 1040 3774 fidem

71 3800 151 3850 stam
167 3811 221 3852 oro
245 3797 275 3849 et
295 3791 431 3866 obtestor,
446 3793 477 3850 in
498 3791 606 3851 uostris
628 3787 732 3848 castris
751 3786 807 3848 tibi
825 3785 1039 3848 tabernaculum
