2520 4390
166 335 222 394 106
513 351 653 404 nurnrr
684 351 822 392 onnrrr

161 491 265 552 deiudd
288 491 346 565 alii,
362 491 551 571 laceratisque
571 492 712 566 restibus,
733 489 851 572 lugubri
870 497 901 550 et
921 489 1046 551 barbaro
1061 489 1192 550 ululatu

162 587 274 664 Regem
288 585 439 663 deplorare
453 595 610 666 coeperunt.

221 685 267 740 33.
289 681 398 756 Persae,
409 682 447 740 ad
457 683 525 742 illos
536 683 659 741 clamore
669 682 791 760 perlato,
803 681 921 740 attoniti
932 686 1024 755 metu,
1037 699 1097 740 nec
1107 701 1192 741 arma

161 795 324 853 caperque
346 777 376 835 in
398 777 572 837 Bactrianos
594 778 764 851 inciderent,
779 797 832 835 nec
852 776 1000 855 quiescere
1022 776 1190 851 audebant,

161 893 198 932 ue
213 872 331 951 ¹'impiis
358 873 491 931 deserere
517 873 629 952 Regem
643 873 819 932 viderentur.
863 871 973 930 Varius
994 889 1029 928 ac
1044 871 1191 930 dissonus

161 967 269 1026 clamor
293 969 354 1027 sino
379 967 461 1040 du'ce,
476 987 510 1025 ac
534 968 596 1026 aine
619 967 749 1045 imperio,
770 967 842 1025 totis
864 965 968 1024 castris
988 966 1188 1025 referebatur.

163 1063 257 1121 Besso
272 1069 302 1120 et
325 1060 492 1120 Nabarzani
513 1062 723 1121 nunciaverant
739 1062 793 1136 sui,
809 1061 923 1140 Regem
936 1081 954 1119 a
968 1061 1133 1138 semetipso
1148 1062 1189 1119 in·

162 1165 338 1234 teremptnm
366 1175 437 1215 esse.
480 1156 622 1216 Planctus
649 1175 698 1216 eos
726 1157 887 1234 deceperat.
945 1156 1053 1234 Itaque
1084 1157 1189 1215 citatis

163 1253 244 1332 equis
266 1251 411 1327 advolant,
428 1253 617 1331 sequentibus
639 1271 712 1326 quos
726 1252 763 1310 ad
785 1251 977 1310 ministerium
1000 1242 1127 1310 sceleris
1141 1251 1189 1310 de·

162 1348 311 1427 legerant:
346 1354 377 1406 et
403 1347 472 1406 cum
499 1347 717 1408 tabernaculum
744 1347 912 1420 intrassent,
942 1345 1040 1424 ³⁸quia
1067 1345 1188 1425 Regem

163 1445 260 1504 vivere
275 1443 416 1522 spadones
430 1443 606 1518 indicabant,
622 1441 835 1520 comprehendi,
845 1441 1005 1519 vincirique
1017 1443 1186 1517 jusserunt

163 1539 231 1600 Rex
254 1559 343 1599 curru
363 1539 449 1616 pauld
464 1539 531 1597 ante
546 1547 656 1613 vectus,
671 1545 701 1596 et
724 1537 852 1596 Deorum
867 1538 916 1594 ”a
937 1536 999 1594 suis
1019 1536 1188 1598 honoribus

162 1635 266 1706 cultus,
283 1633 302 1662 ¹⁸
312 1634 394 1691 nulla
409 1637 528 1691 externa
539 1651 593 1710 ope
604 1633 731 1707 admota,
746 1632 879 1709 captivus
891 1649 1039 1691 servorum
1054 1649 1187 1711 suorum,

162 1730 193 1786 in
207 1728 357 1786 sordidum
370 1727 536 1786 vehiculum
549 1727 676 1804 pellibus
689 1727 818 1807 undique
831 1734 995 1786 contectum
1008 1727 1184 1804 imponitur.

164 1823 293 1882 Pecunia
307 1821 399 1900 Regia
414 1828 444 1880 ct
464 1822 604 1899 supellex,
618 1823 702 1901 quasi
725 1825 792 1899 jure
806 1822 886 1897 belli,
898 1821 1051 1899 diripitur:
1072 1824 1186 1882 onusti·

162 1937 218 1996 que
232 1916 332 1994 praedd
346 1935 398 1994 per
411 1917 506 1976 scelus
520 1916 656 1975 ultimum
671 1922 764 1995 parta,
779 1919 879 1996 fugam
893 1917 1058 1976 intendunt.
1094 1918 1185 1976 Arta·

162 2013 250 2072 baana
274 2031 341 2070 cum
364 2013 409 2089 iis,
432 2013 483 2092 qui
507 2013 630 2090 imperio
652 1999 802 2091 parebant,
830 2012 999 2091 Graecisque
1026 2012 1185 2090 militibus,

162 2109 355 2170 Parthienem
378 2109 511 2188 petebat;
547 2109 643 2168 omnia
669 2109 780 2167 tutiora
806 2108 1017 2186 parricidarum
1044 2110 1185 2167 contuitu

162 2215 252 2266 ratus.
297 2206 398 2266 Persea
421 2205 571 2285 promissis
595 2205 681 2264 Bessi
708 2205 829 2278 onerati,
852 2204 978 2262 maxime
1002 2203 1072 2282 quia
1094 2223 1184 2264 nemo

162 2303 236 2362 alius
250 2310 313 2362 erat
327 2321 413 2382 quem
427 2309 625 2382 sequerentur,
640 2301 818 2377 conjunxere
832 2319 863 2358 se
878 2299 1059 2373 Bactrianis;
1076 2319 1183 2376 agmen

162 2418 263 2478 eorum
278 2400 366 2454 tertio
381 2398 507 2455 assecuti
529 2397 584 2454 die.
628 2397 674 2454 Ne
689 2405 786 2453 tamen
810 2395 899 2452 honos
914 2394 991 2472 Regi
1011 2413 1070 2452 non
1095 2395 1181 2455 habe·

161 2499 250 2564 retur,
265 2489 360 2547 aureis
373 2489 558 2566 compedibus
572 2487 695 2547 Darium
713 2488 851 2563 vinciunt,
872 2507 947 2548 nova
966 2488 1095 2549 ludibria
1115 2489 1181 2550 sub

163 2582 231 2642 inde
251 2582 433 2660 excogitante
460 2582 587 2641 fortune.
634 2581 677 2640 Et
701 2601 738 2641 ne
763 2583 840 2642 forte
868 2582 949 2640 cultu
975 2582 1055 2661 regio
1083 2589 1181 2660 posset

161 2677 285 2758 agnosci,
295 2677 420 2737 sordidis
427 2676 554 2755 pellibus
563 2676 728 2736 vehiculum
737 2676 909 2737 intexerent
937 2677 1038 2757 Ignoti
1048 2679 1182 2754 jumenta

161 2775 295 2855 agebant,
308 2793 344 2833 ne
357 2772 614 2853 percunctantibus
627 2772 659 2830 in
672 2773 785 2852 agmine
798 2767 953 2832 monstrari
966 2780 1071 2850 posset.
1108 2772 1181 2834 (lus-

161 2871 244 2930 tcdas
256 2871 357 2949 procul
370 2868 568 2950 sequebantur.

222 2965 316 3024 XIII.
339 2971 385 3025 34.
407 2965 584 3040 Alexander,
601 2964 721 3023 ¹audito
744 2963 866 3022 Darium
886 2964 1009 3023 mouisse
1029 2963 1065 3023 ab
1087 2964 1182 3024 Ecba·

162 3061 248 3135 tanis,
263 3059 367 3122 omisso
381 3061 484 3120 itinere
497 3061 575 3139 quod
588 3059 706 3138 patebat
719 3059 750 3117 in
770 3059 907 3135 Mediam,
922 3059 1085 3138 fugientem
1105 3062 1180 3120 inse-

161 3154 211 3234 qui
224 3155 318 3233 pergit
331 3158 455 3214 strenue.
502 3156 596 3218 'Iubes
611 3154 747 3233 oppidum
757 3162 802 3214 eet
815 3155 846 3212 in
859 3155 1046 3214 Paraetacene
1056 3155 1181 3216 ultirut:

160 3251 217 3330 qud
231 3250 282 3308 ubi
295 3251 433 3327 pervenit,
447 3250 489 3311 ibi
502 3251 660 3330 transfugae
672 3250 817 3326 nunciant,
830 3250 1007 3328 praecipitem
1020 3251 1092 3330 fuga
1106 3251 1179 3310 Bac·

162 3356 208 3406 tra
221 3353 320 3426 petere
333 3343 462 3406 Darium
506 3345 639 3406 (lertiora
652 3346 757 3404 deinde
771 3346 919 3426 cognoscit
939 3365 976 3406 ex
995 3346 1181 3425 Bagyetbane

161 3443 341 3523 Babylonio,
374 3444 391 3476 “
403 3459 461 3500 non
482 3439 614 3519 equidem
634 3441 765 3500 vinctum
786 3442 905 3522 Regem,
929 3441 980 3501 sed
1001 3441 1032 3500 in
1050 3441 1181 3519 periculo

162 3557 224 3598 esse
237 3546 289 3597 aut
311 3536 424 3612 mortis,
438 3543 490 3594 aut
508 3535 717 3596 vinculorum.”
777 3537 852 3613 Rex,
866 3537 988 3598 ducibus
1007 3538 1180 3614 convocatis,

162 3633 386 3708 “Maximum''
400 3631 505 3712 inquit,
527 3634 637 3708 “opua,
651 3631 704 3691 sed
725 3631 808 3695 labor
828 3632 1016 3692 brevissimus
1040 3641 1179 3710 superest,

162 3727 269 3787 Darius
283 3729 360 3788 haud
370 3728 479 3806 procul,
494 3727 653 3786 destitutus
674 3747 691 3785 a
711 3729 779 3802 suis,
794 3728 980 3802 subcinctus,
995 3734 1047 3787 aut
1067 3747 1180 3806 oppres·

162 3841 221 3896 sus,
235 3830 286 3880 cst.
330 3825 367 3881 In
381 3824 432 3882 illo
446 3841 564 3901 corpore
578 3823 672 3900 posita
686 3830 731 3881 est
743 3823 866 3882 victoria
878 3830 985 3898 nostra,
997 3831 1028 3882 et
1037 3831 1120 3882 tanta
1132 3843 1180 3886 res
