<?xml version="1.0" encoding="UTF-8"?>
<!DOCTYPE html PUBLIC "-//W3C//DTD XHTML 1.0 Transitional//EN"
    "http://www.w3.org/TR/xhtml1/DTD/xhtml1-transitional.dtd">
<html xmlns="http://www.w3.org/1999/xhtml" xml:lang="en" lang="en">
 <head>
  <title>
</title>
<meta http-equiv="Content-Type" content="text/html;charset=utf-8" />
  <meta name='ocr-system' content='tesseract 3.04.00' />
  <meta name='ocr-capabilities' content='ocr_page ocr_carea ocr_par ocr_line ocrx_word'/>
</head>
<body>
  <div class='ocr_page' id='page_1' title='image "./quintuscurtiusr00cellgoog_0264.png"; bbox 0 0 2622 4382; ppageno 0'>
   <div class='ocr_carea' id='block_1_1' title="bbox 435 338 1128 404">
    <p class='ocr_par' dir='ltr' id='par_1_1' title="bbox 435 338 1128 404">
     <span class='ocr_line' id='line_1_1' title="bbox 435 338 1128 404; baseline -0.001 -1"><span class='ocrx_word' id='word_1_1' title='bbox 435 361 559 404; x_wconf 78' lang='lat' dir='ltr'>nunu</span> <span class='ocrx_word' id='word_1_2' title='bbox 585 361 619 402; x_wconf 82' lang='lat' dir='ltr'>x.</span> <span class='ocrx_word' id='word_1_3' title='bbox 648 361 735 404; x_wconf 76' lang='lat' dir='ltr'>oen.</span> <span class='ocrx_word' id='word_1_4' title='bbox 763 361 806 402; x_wconf 87' lang='lat'>11.</span> <span class='ocrx_word' id='word_1_5' title='bbox 1067 338 1128 402; x_wconf 64' lang='lat'>249</span> 
     </span>
    </p>
   </div>
   <div class='ocr_carea' id='block_1_2' title="bbox 105 495 1174 3898">
    <p class='ocr_par' dir='ltr' id='par_1_2' title="bbox 108 495 1174 650">
     <span class='ocr_line' id='line_1_2' title="bbox 108 495 1174 570; baseline -0.003 -18"><span class='ocrx_word' id='word_1_6' title='bbox 108 495 1130 570; x_wconf 59' lang='lat' dir='ltr'>paeanitedeoturmntbthsmemiumoiritasedvsrsosregenarmaospiut,</span> <span class='ocrx_word' id='word_1_7' title='bbox 1173 511 1174 514; x_wconf 45' lang='lat'>¹</span> 
     </span>
     <span class='ocr_line' id='line_1_3' title="bbox 108 582 1026 650; baseline -0.001 -16"><span class='ocrx_word' id='word_1_8' title='bbox 108 588 135 634; x_wconf 84' lang='lat' dir='ltr'>et</span> <span class='ocrx_word' id='word_1_9' title='bbox 145 599 304 634; x_wconf 81' lang='lat' dir='ltr'>oommnnem</span> <span class='ocrx_word' id='word_1_10' title='bbox 314 598 414 635; x_wconf 63' lang='lat' dir='ltr'>oenum</span> <span class='ocrx_word' id='word_1_11' title='bbox 430 582 556 650; x_wconf 70' lang='lat' dir='ltr'>tueatur]</span> <span class='ocrx_word' id='word_1_12' title='bbox 1024 585 1026 591; x_wconf 91' lang='lat'>&#39;</span> 
     </span>
    </p>

    <p class='ocr_par' dir='ltr' id='par_1_3' title="bbox 105 675 1146 3040">
     <span class='ocr_line' id='line_1_4' title="bbox 169 675 1127 759; baseline -0.002 -21"><span class='ocrx_word' id='word_1_13' title='bbox 169 679 216 738; x_wconf 91' lang='lat' dir='ltr'>II.</span> <span class='ocrx_word' id='word_1_14' title='bbox 238 683 266 740; x_wconf 90' lang='grc'>6.</span> <span class='ocrx_word' id='word_1_15' title='bbox 287 680 384 758; x_wconf 84' lang='lat' dir='ltr'>Igitur</span> <span class='ocrx_word' id='word_1_16' title='bbox 396 680 520 759; x_wconf 78' lang='lat' dir='ltr'>triginta</span> <span class='ocrx_word' id='word_1_17' title='bbox 529 679 654 740; x_wconf 87' lang='lat' dir='ltr'>navibus</span> <span class='ocrx_word' id='word_1_18' title='bbox 666 677 789 738; x_wconf 81' lang='lat' dir='ltr'>Sunium</span> <span class='ocrx_word' id='word_1_19' title='bbox 804 677 1034 752; x_wconf 86' lang='lat' dir='ltr'>¹transmittuut,</span> <span class='ocrx_word' id='word_1_20' title='bbox 1050 675 1127 754; x_wconf 83' lang='lat' dir='ltr'>(pro-</span> 
     </span>
     <span class='ocr_line' id='line_1_5' title="bbox 107 771 1128 854; baseline -0.006 -18"><span class='ocrx_word' id='word_1_21' title='bbox 107 775 285 836; x_wconf 74' lang='lat' dir='ltr'><strong>montorium</strong></span> <span class='ocrx_word' id='word_1_22' title='bbox 305 783 351 834; x_wconf 84' lang='lat' dir='ltr'>est</span> <span class='ocrx_word' id='word_1_23' title='bbox 364 775 475 839; x_wconf 82' lang='lat' dir='ltr'>Attiosa</span> <span class='ocrx_word' id='word_1_24' title='bbox 489 777 598 854; x_wconf 74' lang='lat' dir='ltr'>terrae),</span> <span class='ocrx_word' id='word_1_25' title='bbox 611 773 689 834; x_wconf 89' lang='lat' dir='ltr'>unde</span> <span class='ocrx_word' id='word_1_26' title='bbox 703 775 842 852; x_wconf 79' lang='lat' dir='ltr'>&#39;portum</span> <span class='ocrx_word' id='word_1_27' title='bbox 855 773 937 834; x_wconf 88' lang='lat' dir='ltr'>urbis</span> <span class='ocrx_word' id='word_1_28' title='bbox 956 780 1057 850; x_wconf 87' lang='lat' dir='ltr'>petere</span> <span class='ocrx_word' id='word_1_29' title='bbox 1078 771 1128 830; x_wconf 94' lang='lat' dir='ltr'>de·</span> 
     </span>
     <span class='ocr_line' id='line_1_6' title="bbox 108 868 1127 950; baseline -0.006 -18"><span class='ocrx_word' id='word_1_30' title='bbox 108 879 269 932; x_wconf 71' lang='lat' dir='ltr'>euenerant.</span> <span class='ocrx_word' id='word_1_31' title='bbox 322 871 381 930; x_wconf 90' lang='lat' dir='ltr'>His</span> <span class='ocrx_word' id='word_1_32' title='bbox 412 871 547 950; x_wconf 83' lang='lat' dir='ltr'>eognitis,</span> <span class='ocrx_word' id='word_1_33' title='bbox 575 871 644 930; x_wconf 83' lang='lat' dir='ltr'>Rex</span> <span class='ocrx_word' id='word_1_34' title='bbox 677 869 810 948; x_wconf 81' lang='lat' dir='ltr'>Harpalo</span> <span class='ocrx_word' id='word_1_35' title='bbox 838 868 1127 946; x_wconf 74' lang='lat' dir='ltr'>Atheniensibusque</span> 
     </span>
     <span class='ocr_line' id='line_1_7' title="bbox 113 963 1126 1044; baseline -0.004 -20"><span class='ocrx_word' id='word_1_36' title='bbox 113 967 206 1044; x_wconf 70' lang='lat' dir='ltr'>juxti</span> <span class='ocrx_word' id='word_1_37' title='bbox 226 966 358 1041; x_wconf 83' lang='lat' dir='ltr'>infestus,</span> <span class='ocrx_word' id='word_1_38' title='bbox 374 965 496 1026; x_wconf 75' lang='lat' dir='ltr'>classem</span> <span class='ocrx_word' id='word_1_39' title='bbox 519 965 616 1043; x_wconf 84' lang='lat' dir='ltr'>peruri</span> <span class='ocrx_word' id='word_1_40' title='bbox 637 965 730 1043; x_wconf 87' lang='lat' dir='ltr'>jubet,</span> <span class='ocrx_word' id='word_1_41' title='bbox 746 965 879 1024; x_wconf 87' lang='lat' dir='ltr'>Athenas</span> <span class='ocrx_word' id='word_1_42' title='bbox 900 965 1034 1044; x_wconf 86' lang='lat' dir='ltr'>protinus</span> <span class='ocrx_word' id='word_1_43' title='bbox 1054 963 1126 1040; x_wconf 91' lang='lat' dir='ltr'>peti·</span> 
     </span>
     <span class='ocr_line' id='line_1_8' title="bbox 108 1057 1125 1142; baseline -0.002 -24"><span class='ocrx_word' id='word_1_44' title='bbox 108 1068 202 1120; x_wconf 87' lang='lat' dir='ltr'>turus.</span> <span class='ocrx_word' id='word_1_45' title='bbox 246 1061 340 1132; x_wconf 83' lang='lat' dir='ltr'>Quod·</span> <span class='ocrx_word' id='word_1_46' title='bbox 356 1061 509 1142; x_wconf 77' lang='lat' dir='ltr'>sensilium</span> <span class='ocrx_word' id='word_1_47' title='bbox 523 1061 593 1122; x_wconf 88' lang='lat' dir='ltr'>dum</span> <span class='ocrx_word' id='word_1_48' title='bbox 617 1061 718 1138; x_wconf 85' lang='lat' dir='ltr'>agitat,</span> <span class='ocrx_word' id='word_1_49' title='bbox 733 1060 808 1118; x_wconf 84' lang='lat' dir='ltr'>olam</span> <span class='ocrx_word' id='word_1_50' title='bbox 828 1060 937 1120; x_wconf 84' lang='lat' dir='ltr'>litterae</span> <span class='ocrx_word' id='word_1_51' title='bbox 951 1059 980 1118; x_wconf 92' lang='lat' dir='ltr'>ei</span> <span class='ocrx_word' id='word_1_52' title='bbox 1003 1057 1125 1120; x_wconf 80' lang='lat' dir='ltr'>reddun-</span> 
     </span>
     <span class='ocr_line' id='line_1_9' title="bbox 108 1153 1127 1236; baseline -0.002 -22"><span class='ocrx_word' id='word_1_53' title='bbox 108 1163 168 1231; x_wconf 88' lang='lat' dir='ltr'>tur,</span> <span class='ocrx_word' id='word_1_54' title='bbox 184 1157 349 1236; x_wconf 88' lang='lat' dir='ltr'>Harpalum</span> <span class='ocrx_word' id='word_1_55' title='bbox 373 1158 498 1236; x_wconf 77' lang='lat' dir='ltr'>intrtsse</span> <span class='ocrx_word' id='word_1_56' title='bbox 520 1157 638 1235; x_wconf 88' lang='lat' dir='ltr'>quidem</span> <span class='ocrx_word' id='word_1_57' title='bbox 652 1156 796 1229; x_wconf 83' lang='lat' dir='ltr'>Athenas,</span> <span class='ocrx_word' id='word_1_58' title='bbox 810 1155 934 1232; x_wconf 76' lang='lat' dir='ltr'>peouuid</span> <span class='ocrx_word' id='word_1_59' title='bbox 958 1153 1127 1213; x_wconf 78' lang='lat' dir='ltr'>oonsilirtsso</span> 
     </span>
     <span class='ocr_line' id='line_1_10' title="bbox 107 1249 1127 1334; baseline -0.004 -22"><span class='ocrx_word' id='word_1_60' title='bbox 107 1251 165 1312; x_wconf 89' lang='lat' dir='ltr'>sibi</span> <span class='ocrx_word' id='word_1_61' title='bbox 188 1253 350 1330; x_wconf 87' lang='lat' dir='ltr'>prinoipum</span> <span class='ocrx_word' id='word_1_62' title='bbox 373 1253 504 1334; x_wconf 86' lang='lat' dir='ltr'>animos:</span> <span class='ocrx_word' id='word_1_63' title='bbox 524 1271 602 1324; x_wconf 85' lang='lat' dir='ltr'>mox,</span> <span class='ocrx_word' id='word_1_64' title='bbox 623 1251 744 1310; x_wconf 88' lang='lat' dir='ltr'>eonsilio</span> <span class='ocrx_word' id='word_1_65' title='bbox 765 1250 859 1327; x_wconf 89' lang='lat' dir='ltr'>plebis</span> <span class='ocrx_word' id='word_1_66' title='bbox 881 1249 991 1323; x_wconf 86' lang='lat' dir='ltr'>habito,</span> <span class='ocrx_word' id='word_1_67' title='bbox 1013 1253 1127 1326; x_wconf 87' lang='lat' dir='ltr'>jussum</span> 
     </span>
     <span class='ocr_line' id='line_1_11' title="bbox 105 1343 1128 1422; baseline -0.005 -16"><span class='ocrx_word' id='word_1_68' title='bbox 105 1347 180 1408; x_wconf 84' lang='lat' dir='ltr'>urbe</span> <span class='ocrx_word' id='word_1_69' title='bbox 202 1347 343 1406; x_wconf 85' lang='lat' dir='ltr'>exoedere</span> <span class='ocrx_word' id='word_1_70' title='bbox 371 1345 409 1404; x_wconf 87' lang='lat' dir='ltr'>ad</span> <span class='ocrx_word' id='word_1_71' title='bbox 431 1345 550 1410; x_wconf 75' lang='lat' dir='ltr'>Graeeos</span> <span class='ocrx_word' id='word_1_72' title='bbox 572 1345 682 1406; x_wconf 84' lang='lat' dir='ltr'>milites</span> <span class='ocrx_word' id='word_1_73' title='bbox 709 1345 875 1422; x_wconf 87' lang='lat' dir='ltr'>pervenisse</span> <span class='ocrx_word' id='word_1_74' title='bbox 904 1365 921 1402; x_wconf 90' lang='lat' dir='ltr'>a</span> <span class='ocrx_word' id='word_1_75' title='bbox 949 1344 1056 1422; x_wconf 81' lang='lat' dir='ltr'>quibus</span> <span class='ocrx_word' id='word_1_76' title='bbox 1087 1343 1128 1401; x_wconf 90' lang='lat' dir='ltr'>in·</span> 
     </span>
     <span class='ocr_line' id='line_1_12' title="bbox 106 1439 1126 1519; baseline 0 -21"><span class='ocrx_word' id='word_1_77' title='bbox 106 1448 274 1518; x_wconf 79' lang='lat' dir='ltr'>teroeptum</span> <span class='ocrx_word' id='word_1_78' title='bbox 288 1447 319 1500; x_wconf 89' lang='lat' dir='ltr'>et</span> <span class='ocrx_word' id='word_1_79' title='bbox 332 1461 351 1499; x_wconf 92' lang='lat' dir='ltr'>a</span> <span class='ocrx_word' id='word_1_80' title='bbox 365 1440 542 1500; x_wconf 73' lang='lat' dir='ltr'>Thimbrous</span> <span class='ocrx_word' id='word_1_81' title='bbox 563 1439 689 1519; x_wconf 88' lang='lat' dir='ltr'>quodam</span> <span class='ocrx_word' id='word_1_82' title='bbox 710 1441 917 1518; x_wconf 87' lang='lat' dir='ltr'>interemptum</span> <span class='ocrx_word' id='word_1_83' title='bbox 929 1459 983 1518; x_wconf 89' lang='lat' dir='ltr'>per</span> <span class='ocrx_word' id='word_1_84' title='bbox 996 1439 1126 1498; x_wconf 86' lang='lat' dir='ltr'>insidias.</span> 
     </span>
     <span class='ocr_line' id='line_1_13' title="bbox 109 1533 1129 1613; baseline -0.001 -19"><span class='ocrx_word' id='word_1_85' title='bbox 109 1535 171 1594; x_wconf 89' lang='lat' dir='ltr'>His</span> <span class='ocrx_word' id='word_1_86' title='bbox 193 1535 288 1610; x_wconf 75' lang='lat' dir='ltr'>laetus,</span> <span class='ocrx_word' id='word_1_87' title='bbox 313 1536 345 1594; x_wconf 91' lang='lat' dir='ltr'>in</span> <span class='ocrx_word' id='word_1_88' title='bbox 369 1535 518 1613; x_wconf 79' lang='lat' dir='ltr'>Europam</span> <span class='ocrx_word' id='word_1_89' title='bbox 543 1535 711 1612; x_wconf 79' lang='lat' dir='ltr'>trajiciendi</span> <span class='ocrx_word' id='word_1_90' title='bbox 733 1535 886 1594; x_wconf 89' lang='lat' dir='ltr'>eonsilium</span> <span class='ocrx_word' id='word_1_91' title='bbox 909 1535 1016 1594; x_wconf 89' lang='lat' dir='ltr'>omisit.</span> <span class='ocrx_word' id='word_1_92' title='bbox 1069 1533 1129 1594; x_wconf 83' lang='lat' dir='ltr'>Sed</span> 
     </span>
     <span class='ocr_line' id='line_1_14' title="bbox 107 1629 1127 1710; baseline 0 -22"><span class='ocrx_word' id='word_1_93' title='bbox 107 1630 341 1708; x_wconf 81' lang='lat' dir='ltr'>exules,.&#39;praeter</span> <span class='ocrx_word' id='word_1_94' title='bbox 354 1631 469 1710; x_wconf 84' lang='lat' dir='ltr'>eosqui</span> <span class='ocrx_word' id='word_1_95' title='bbox 482 1631 564 1692; x_wconf 88' lang='lat' dir='ltr'>oivili</span> <span class='ocrx_word' id='word_1_96' title='bbox 587 1631 726 1708; x_wconf 70' lang='lat' dir='ltr'>sauguine</span> <span class='ocrx_word' id='word_1_97' title='bbox 741 1630 852 1708; x_wconf 90' lang='lat' dir='ltr'>aspersi</span> <span class='ocrx_word' id='word_1_98' title='bbox 873 1636 965 1704; x_wconf 86' lang='lat' dir='ltr'>erant,</span> <span class='ocrx_word' id='word_1_99' title='bbox 979 1629 1070 1708; x_wconf 80' lang='lat' dir='ltr'>recipi</span> <span class='ocrx_word' id='word_1_100' title='bbox 1090 1629 1127 1689; x_wconf 82' lang='lat' dir='ltr'>ab</span> 
     </span>
     <span class='ocr_line' id='line_1_15' title="bbox 108 1725 1127 1805; baseline -0.002 -19"><span class='ocrx_word' id='word_1_101' title='bbox 108 1726 244 1786; x_wconf 87' lang='lat' dir='ltr'>omnibus</span> <span class='ocrx_word' id='word_1_102' title='bbox 259 1725 428 1788; x_wconf 82' lang='lat' dir='ltr'>Greeoorum</span> <span class='ocrx_word' id='word_1_103' title='bbox 442 1726 620 1802; x_wconf 79' lang='lat' dir='ltr'>civitatibus,</span> <span class='ocrx_word' id='word_1_104' title='bbox 634 1726 717 1805; x_wconf 84' lang='lat' dir='ltr'>queis</span> <span class='ocrx_word' id='word_1_105' title='bbox 731 1726 809 1803; x_wconf 90' lang='lat' dir='ltr'>pulsi</span> <span class='ocrx_word' id='word_1_106' title='bbox 832 1732 924 1802; x_wconf 86' lang='lat' dir='ltr'>erant,</span> <span class='ocrx_word' id='word_1_107' title='bbox 942 1727 1041 1803; x_wconf 82' lang='lat' dir='ltr'>jussit</span> <span class='ocrx_word' id='word_1_108' title='bbox 1084 1725 1127 1784; x_wconf 80' lang='lat' dir='ltr'>Et</span> 
     </span>
     <span class='ocr_line' id='line_1_16' title="bbox 108 1820 1128 1901; baseline 0 -19"><span class='ocrx_word' id='word_1_109' title='bbox 108 1820 206 1882; x_wconf 75' lang='lat' dir='ltr'>(irenei</span> <span class='ocrx_word' id='word_1_110' title='bbox 220 1821 299 1880; x_wconf 79' lang='lat' dir='ltr'>haud</span> <span class='ocrx_word' id='word_1_111' title='bbox 312 1823 375 1882; x_wconf 87' lang='lat' dir='ltr'>ausi</span> <span class='ocrx_word' id='word_1_112' title='bbox 399 1822 553 1900; x_wconf 87' lang='lat' dir='ltr'>imperium</span> <span class='ocrx_word' id='word_1_113' title='bbox 566 1822 723 1900; x_wconf 73' lang='lat' dir='ltr'>aspernari,</span> <span class='ocrx_word' id='word_1_114' title='bbox 738 1841 903 1901; x_wconf 88' lang='lat' dir='ltr'>quanquam</span> <span class='ocrx_word' id='word_1_115' title='bbox 923 1821 1128 1882; x_wconf 87' lang='lat' dir='ltr'>solvendarum</span> 
     </span>
     <span class='ocr_line' id='line_1_17' title="bbox 106 1915 1126 1997; baseline 0.001 -20"><span class='ocrx_word' id='word_1_116' title='bbox 106 1915 206 1994; x_wconf 78' lang='lat' dir='ltr'>legum</span> <span class='ocrx_word' id='word_1_117' title='bbox 229 1917 261 1976; x_wconf 90' lang='lat' dir='ltr'>id</span> <span class='ocrx_word' id='word_1_118' title='bbox 283 1918 459 1996; x_wconf 88' lang='lat' dir='ltr'>prinoipium</span> <span class='ocrx_word' id='word_1_119' title='bbox 481 1937 545 1976; x_wconf 87' lang='lat' dir='ltr'>esse</span> <span class='ocrx_word' id='word_1_120' title='bbox 567 1917 731 1992; x_wconf 80' lang='lat' dir='ltr'>censebant,</span> <span class='ocrx_word' id='word_1_121' title='bbox 753 1917 830 1978; x_wconf 89' lang='lat' dir='ltr'>bona</span> <span class='ocrx_word' id='word_1_122' title='bbox 848 1919 971 1997; x_wconf 81' lang='lat' dir='ltr'>qudque,</span> <span class='ocrx_word' id='word_1_123' title='bbox 993 1938 1059 1997; x_wconf 85' lang='lat' dir='ltr'>quse</span> <span class='ocrx_word' id='word_1_124' title='bbox 1079 1938 1126 1978; x_wconf 79' lang='lat' dir='ltr'>en·</span> 
     </span>
     <span class='ocr_line' id='line_1_18' title="bbox 107 2012 1128 2089; baseline 0.004 -19"><span class='ocrx_word' id='word_1_125' title='bbox 107 2018 233 2087; x_wconf 87' lang='lat' dir='ltr'>starent,</span> <span class='ocrx_word' id='word_1_126' title='bbox 257 2013 413 2072; x_wconf 69' lang='lat' dir='ltr'>restituere</span> <span class='ocrx_word' id='word_1_127' title='bbox 437 2013 588 2072; x_wconf 84' lang='lat' dir='ltr'>damnatis.</span> <span class='ocrx_word' id='word_1_128' title='bbox 638 2012 721 2074; x_wconf 69' lang='lat' dir='ltr'>8Soli</span> <span class='ocrx_word' id='word_1_129' title='bbox 748 2013 954 2089; x_wconf 78' lang='lat' dir='ltr'>Athenienses,</span> <span class='ocrx_word' id='word_1_130' title='bbox 980 2032 1038 2072; x_wconf 89' lang='lat' dir='ltr'>non</span> <span class='ocrx_word' id='word_1_131' title='bbox 1067 2033 1128 2075; x_wconf 85' lang='lat' dir='ltr'>suae</span> 
     </span>
     <span class='ocr_line' id='line_1_19' title="bbox 107 2103 1126 2184; baseline 0 -20"><span class='ocrx_word' id='word_1_132' title='bbox 107 2103 205 2180; x_wconf 85' lang='lat' dir='ltr'>modd,</span> <span class='ocrx_word' id='word_1_133' title='bbox 223 2106 275 2171; x_wconf 87' lang='lat' dir='ltr'>sed</span> <span class='ocrx_word' id='word_1_134' title='bbox 289 2107 377 2164; x_wconf 85' lang='lat' dir='ltr'>etium</span> <span class='ocrx_word' id='word_1_135' title='bbox 390 2106 516 2184; x_wconf 88' lang='lat' dir='ltr'>publioae</span> <span class='ocrx_word' id='word_1_136' title='bbox 529 2107 660 2166; x_wconf 89' lang='lat' dir='ltr'>viudiees</span> <span class='ocrx_word' id='word_1_137' title='bbox 669 2107 823 2180; x_wconf 70' lang='lat' dir='ltr'>libertatis,</span> <span class='ocrx_word' id='word_1_138' title='bbox 833 2107 1026 2172; x_wconf 85' lang='lat' dir='ltr'>eolluviouem</span> <span class='ocrx_word' id='word_1_139' title='bbox 1039 2107 1126 2166; x_wconf 90' lang='lat' dir='ltr'>omni·</span> 
     </span>
     <span class='ocr_line' id='line_1_20' title="bbox 110 2191 1126 2280; baseline -0.002 -20"><span class='ocrx_word' id='word_1_140' title='bbox 110 2219 163 2260; x_wconf 88' lang='lat' dir='ltr'>nm</span> <span class='ocrx_word' id='word_1_141' title='bbox 177 2199 310 2258; x_wconf 86' lang='lat' dir='ltr'>ordinum</span> <span class='ocrx_word' id='word_1_142' title='bbox 323 2201 393 2278; x_wconf 88' lang='lat' dir='ltr'>quia</span> <span class='ocrx_word' id='word_1_143' title='bbox 405 2220 483 2280; x_wconf 82' lang='lat' dir='ltr'>segre</span> <span class='ocrx_word' id='word_1_144' title='bbox 503 2201 646 2274; x_wconf 78' lang='lat' dir='ltr'>terebant,</span> <span class='ocrx_word' id='word_1_145' title='bbox 662 2200 732 2276; x_wconf 87' lang='lat' dir='ltr'>(uon</span> <span class='ocrx_word' id='word_1_146' title='bbox 745 2201 826 2277; x_wconf 85' lang='lat' dir='ltr'>regio</span> <span class='ocrx_word' id='word_1_147' title='bbox 846 2191 976 2277; x_wconf 87' lang='lat' dir='ltr'>imperio,</span> <span class='ocrx_word' id='word_1_148' title='bbox 991 2200 1044 2260; x_wconf 87' lang='lat' dir='ltr'>sed</span> <span class='ocrx_word' id='word_1_149' title='bbox 1058 2201 1126 2279; x_wconf 82' lang='lat' dir='ltr'>legi·</span> 
     </span>
     <span class='ocr_line' id='line_1_21' title="bbox 107 2295 1128 2374; baseline 0.002 -20"><span class='ocrx_word' id='word_1_150' title='bbox 107 2295 165 2368; x_wconf 81' lang='lat' dir='ltr'>bus</span> <span class='ocrx_word' id='word_1_151' title='bbox 173 2295 358 2374; x_wconf 83' lang='lat' dir='ltr'>moribusque</span> <span class='ocrx_word' id='word_1_152' title='bbox 369 2295 473 2374; x_wconf 88' lang='lat' dir='ltr'>patriis</span> <span class='ocrx_word' id='word_1_153' title='bbox 486 2296 550 2374; x_wconf 81' lang='lat' dir='ltr'>regi</span> <span class='ocrx_word' id='word_1_154' title='bbox 560 2295 692 2373; x_wconf 86' lang='lat' dir='ltr'>assueti),</span> <span class='ocrx_word' id='word_1_155' title='bbox 701 2295 876 2373; x_wconf 69' lang='lat' dir='ltr'>prohibuere</span> <span class='ocrx_word' id='word_1_156' title='bbox 887 2295 1010 2372; x_wconf 70' lang='lat' dir='ltr'>finibus,</span> <span class='ocrx_word' id='word_1_157' title='bbox 1031 2296 1128 2356; x_wconf 77' lang='lat' dir='ltr'>omnis</span> 
     </span>
     <span class='ocr_line' id='line_1_22' title="bbox 108 2390 1128 2471; baseline 0 -21"><span class='ocrx_word' id='word_1_158' title='bbox 108 2391 208 2468; x_wconf 81' lang='lat' dir='ltr'>potius</span> <span class='ocrx_word' id='word_1_159' title='bbox 223 2390 385 2466; x_wconf 78' lang='lat' dir='ltr'>toleraturi,</span> <span class='ocrx_word' id='word_1_160' title='bbox 400 2390 488 2470; x_wconf 73' lang='lat' dir='ltr'>quim</span> <span class='ocrx_word' id='word_1_161' title='bbox 501 2398 693 2469; x_wconf 82' lang='lat' dir='ltr'>purgamenta</span> <span class='ocrx_word' id='word_1_162' title='bbox 713 2390 858 2471; x_wconf 81' lang='lat' dir='ltr'>quondam</span> <span class='ocrx_word' id='word_1_163' title='bbox 878 2390 960 2450; x_wconf 90' lang='lat' dir='ltr'>urbis</span> <span class='ocrx_word' id='word_1_164' title='bbox 974 2410 1043 2466; x_wconf 82' lang='lat' dir='ltr'>soae,</span> <span class='ocrx_word' id='word_1_165' title='bbox 1058 2399 1128 2450; x_wconf 90' lang='lat' dir='ltr'>tuno</span> 
     </span>
     <span class='ocr_line' id='line_1_23' title="bbox 110 2486 1127 2562; baseline 0.003 -16"><span class='ocrx_word' id='word_1_166' title='bbox 110 2487 198 2546; x_wconf 84' lang='lat' dir='ltr'>etiam</span> <span class='ocrx_word' id='word_1_167' title='bbox 226 2487 318 2562; x_wconf 87' lang='lat' dir='ltr'>exilii,</span> <span class='ocrx_word' id='word_1_168' title='bbox 346 2487 543 2546; x_wconf 81' lang='lat' dir='ltr'>admitterent.</span> <span class='ocrx_word' id='word_1_169' title='bbox 576 2486 748 2546; x_wconf 83' lang='lat' dir='ltr'>Alexander</span> <span class='ocrx_word' id='word_1_170' title='bbox 768 2486 929 2546; x_wconf 88' lang='lat' dir='ltr'>senioribus</span> <span class='ocrx_word' id='word_1_171' title='bbox 949 2487 1075 2548; x_wconf 89' lang='lat' dir='ltr'>militum</span> <span class='ocrx_word' id='word_1_172' title='bbox 1096 2487 1127 2549; x_wconf 87' lang='lat' dir='ltr'>in</span> 
     </span>
     <span class='ocr_line' id='line_1_24' title="bbox 109 2581 1126 2662; baseline 0 -20"><span class='ocrx_word' id='word_1_173' title='bbox 109 2583 233 2660; x_wconf 86' lang='lat' dir='ltr'>patriam</span> <span class='ocrx_word' id='word_1_174' title='bbox 242 2583 381 2656; x_wconf 89' lang='lat' dir='ltr'>remissis,</span> <span class='ocrx_word' id='word_1_175' title='bbox 395 2583 537 2642; x_wconf 77' lang='lat' dir='ltr'>tredecim</span> <span class='ocrx_word' id='word_1_176' title='bbox 551 2582 643 2642; x_wconf 88' lang='lat' dir='ltr'>millia</span> <span class='ocrx_word' id='word_1_177' title='bbox 656 2583 796 2660; x_wconf 89' lang='lat' dir='ltr'>peditum,</span> <span class='ocrx_word' id='word_1_178' title='bbox 812 2589 843 2642; x_wconf 88' lang='lat' dir='ltr'>et</span> <span class='ocrx_word' id='word_1_179' title='bbox 863 2581 920 2640; x_wconf 91' lang='lat' dir='ltr'>duo</span> <span class='ocrx_word' id='word_1_180' title='bbox 941 2582 1033 2642; x_wconf 89' lang='lat' dir='ltr'>millia</span> <span class='ocrx_word' id='word_1_181' title='bbox 1047 2584 1126 2662; x_wconf 87' lang='lat' dir='ltr'>eqni-</span> 
     </span>
     <span class='ocr_line' id='line_1_25' title="bbox 110 2677 1126 2758; baseline 0.001 -23"><span class='ocrx_word' id='word_1_182' title='bbox 110 2685 182 2752; x_wconf 89' lang='lat' dir='ltr'>tnm,</span> <span class='ocrx_word' id='word_1_183' title='bbox 196 2698 262 2758; x_wconf 77' lang='lat' dir='ltr'>qum</span> <span class='ocrx_word' id='word_1_184' title='bbox 276 2679 307 2736; x_wconf 93' lang='lat' dir='ltr'>in</span> <span class='ocrx_word' id='word_1_185' title='bbox 327 2679 403 2736; x_wconf 79' lang='lat' dir='ltr'>Asin</span> <span class='ocrx_word' id='word_1_186' title='bbox 423 2679 574 2752; x_wconf 85' lang='lat' dir='ltr'>retineret,</span> <span class='ocrx_word' id='word_1_187' title='bbox 596 2677 665 2756; x_wconf 83' lang='lat' dir='ltr'>eligi</span> <span class='ocrx_word' id='word_1_188' title='bbox 682 2679 790 2756; x_wconf 84' lang='lat' dir='ltr'>jussit;</span> <span class='ocrx_word' id='word_1_189' title='bbox 814 2677 993 2754; x_wconf 84' lang='lat' dir='ltr'>existimans,</span> <span class='ocrx_word' id='word_1_190' title='bbox 1012 2678 1126 2736; x_wconf 87' lang='lat' dir='ltr'>modion</span> 
     </span>
     <span class='ocr_line' id='line_1_26' title="bbox 110 2772 1127 2853; baseline -0.001 -21"><span class='ocrx_word' id='word_1_191' title='bbox 110 2774 244 2832; x_wconf 83' lang='lat' dir='ltr'>exercitu</span> <span class='ocrx_word' id='word_1_192' title='bbox 257 2774 404 2832; x_wconf 88' lang='lat' dir='ltr'>eontinere</span> <span class='ocrx_word' id='word_1_193' title='bbox 417 2793 502 2852; x_wconf 85' lang='lat' dir='ltr'>posse</span> <span class='ocrx_word' id='word_1_194' title='bbox 519 2774 633 2848; x_wconf 80' lang='lat' dir='ltr'>Asiam,</span> <span class='ocrx_word' id='word_1_195' title='bbox 653 2775 724 2853; x_wconf 87' lang='lat' dir='ltr'>quia</span> <span class='ocrx_word' id='word_1_196' title='bbox 742 2773 876 2850; x_wconf 86' lang='lat' dir='ltr'>pluribus</span> <span class='ocrx_word' id='word_1_197' title='bbox 896 2772 969 2830; x_wconf 89' lang='lat' dir='ltr'>loeis</span> <span class='ocrx_word' id='word_1_198' title='bbox 990 2773 1127 2849; x_wconf 81' lang='lat' dir='ltr'>praesidia</span> 
     </span>
     <span class='ocr_line' id='line_1_27' title="bbox 111 2866 1146 2947; baseline 0 -21"><span class='ocrx_word' id='word_1_199' title='bbox 111 2869 318 2944; x_wconf 83' lang='lat' dir='ltr'>disposuisset;</span> <span class='ocrx_word' id='word_1_200' title='bbox 340 2887 487 2947; x_wconf 84' lang='lat' dir='ltr'>nuperque</span> <span class='ocrx_word' id='word_1_201' title='bbox 502 2869 634 2928; x_wconf 84' lang='lat' dir='ltr'>conditus</span> <span class='ocrx_word' id='word_1_202' title='bbox 647 2869 746 2942; x_wconf 87' lang='lat' dir='ltr'>urbes,</span> <span class='ocrx_word' id='word_1_203' title='bbox 761 2887 834 2946; x_wconf 85' lang='lat' dir='ltr'>ques</span> <span class='ocrx_word' id='word_1_204' title='bbox 847 2866 957 2926; x_wconf 91' lang='lat' dir='ltr'>oolonis</span> <span class='ocrx_word' id='word_1_205' title='bbox 976 2866 1126 2946; x_wconf 74' lang='lat' dir='ltr'>replesset,</span> <span class='ocrx_word' id='word_1_206' title='bbox 1143 2892 1146 2898; x_wconf 92' lang='lat'>·</span> 
     </span>
     <span class='ocr_line' id='line_1_28' title="bbox 110 2963 808 3040; baseline 0 -18"><span class='ocrx_word' id='word_1_207' title='bbox 110 2982 159 3024; x_wconf 87' lang='lat' dir='ltr'>res</span> <span class='ocrx_word' id='word_1_208' title='bbox 173 2981 313 3022; x_wconf 78' lang='lat' dir='ltr'>renovare</span> <span class='ocrx_word' id='word_1_209' title='bbox 328 2964 511 3040; x_wconf 82' lang='lat' dir='ltr'>cupientibus</span> <span class='ocrx_word' id='word_1_210' title='bbox 526 2965 643 3022; x_wconf 85' lang='lat' dir='ltr'>obstare</span> <span class='ocrx_word' id='word_1_211' title='bbox 664 2963 808 3024; x_wconf 80' lang='lat' dir='ltr'>credebat.</span> 
     </span>
    </p>

    <p class='ocr_par' dir='ltr' id='par_1_4' title="bbox 108 3057 1125 3898">
     <span class='ocr_line' id='line_1_29' title="bbox 172 3057 1125 3138; baseline 0 -20"><span class='ocrx_word' id='word_1_212' title='bbox 172 3062 198 3118; x_wconf 85' lang='lat'>7.</span> <span class='ocrx_word' id='word_1_213' title='bbox 223 3057 381 3132; x_wconf 84' lang='lat' dir='ltr'>Gaeterdm,</span> <span class='ocrx_word' id='word_1_214' title='bbox 401 3059 571 3136; x_wconf 87' lang='lat' dir='ltr'>priusquam</span> <span class='ocrx_word' id='word_1_215' title='bbox 591 3066 754 3118; x_wconf 85' lang='lat' dir='ltr'>seoerneret</span> <span class='ocrx_word' id='word_1_216' title='bbox 773 3075 846 3137; x_wconf 89' lang='lat' dir='ltr'>quos</span> <span class='ocrx_word' id='word_1_217' title='bbox 867 3065 930 3118; x_wconf 83' lang='lat' dir='ltr'>erat</span> <span class='ocrx_word' id='word_1_218' title='bbox 950 3065 1125 3138; x_wconf 82' lang='lat' dir='ltr'>retenturus,</span> 
     </span>
     <span class='ocr_line' id='line_1_30' title="bbox 110 3153 1124 3231; baseline 0 -17"><span class='ocrx_word' id='word_1_219' title='bbox 110 3154 213 3227; x_wconf 83' lang='lat' dir='ltr'>edixit,</span> <span class='ocrx_word' id='word_1_220' title='bbox 235 3160 269 3212; x_wconf 87' lang='lat' dir='ltr'>ut</span> <span class='ocrx_word' id='word_1_221' title='bbox 289 3171 389 3214; x_wconf 89' lang='lat' dir='ltr'>omnes</span> <span class='ocrx_word' id='word_1_222' title='bbox 409 3153 518 3212; x_wconf 86' lang='lat' dir='ltr'>milites</span> <span class='ocrx_word' id='word_1_223' title='bbox 542 3155 605 3214; x_wconf 68' lang='grc' dir='ltr'>’ωε</span> <span class='ocrx_word' id='word_1_224' title='bbox 625 3153 752 3212; x_wconf 86' lang='lat' dir='ltr'>alienum</span> <span class='ocrx_word' id='word_1_225' title='bbox 773 3153 985 3231; x_wconf 81' lang='lat' dir='ltr'>profiterentur.</span> <span class='ocrx_word' id='word_1_226' title='bbox 1028 3153 1124 3216; x_wconf 80' lang='lat' dir='ltr'>Grave</span> 
     </span>
     <span class='ocr_line' id='line_1_31' title="bbox 110 3248 1122 3330; baseline 0 -22"><span class='ocrx_word' id='word_1_227' title='bbox 110 3248 254 3330; x_wconf 88' lang='lat' dir='ltr'>plerisque</span> <span class='ocrx_word' id='word_1_228' title='bbox 269 3269 333 3308; x_wconf 89' lang='lat' dir='ltr'>esse</span> <span class='ocrx_word' id='word_1_229' title='bbox 343 3256 540 3326; x_wconf 73' lang='lat' dir='ltr'>compererat,</span> <span class='ocrx_word' id='word_1_230' title='bbox 563 3256 594 3308; x_wconf 89' lang='lat' dir='ltr'>et</span> <span class='ocrx_word' id='word_1_231' title='bbox 602 3268 767 3328; x_wconf 88' lang='lat' dir='ltr'>quanquam</span> <span class='ocrx_word' id='word_1_232' title='bbox 778 3249 905 3326; x_wconf 88' lang='lat' dir='ltr'>ipsorum</span> <span class='ocrx_word' id='word_1_233' title='bbox 916 3248 990 3310; x_wconf 87' lang='lat' dir='ltr'>luxu</span> <span class='ocrx_word' id='word_1_234' title='bbox 998 3258 1122 3308; x_wconf 83' lang='lat' dir='ltr'>contrae-</span> 
     </span>
     <span class='ocr_line' id='line_1_32' title="bbox 109 3344 1124 3422; baseline 0 -19"><span class='ocrx_word' id='word_1_235' title='bbox 109 3354 173 3404; x_wconf 87' lang='lat' dir='ltr'>tum</span> <span class='ocrx_word' id='word_1_236' title='bbox 188 3353 259 3420; x_wconf 86' lang='lat' dir='ltr'>erat,</span> <span class='ocrx_word' id='word_1_237' title='bbox 274 3345 435 3406; x_wconf 84' lang='lat' dir='ltr'>dissolvere</span> <span class='ocrx_word' id='word_1_238' title='bbox 448 3352 546 3404; x_wconf 88' lang='lat' dir='ltr'>tamen</span> <span class='ocrx_word' id='word_1_239' title='bbox 556 3345 619 3422; x_wconf 89' lang='lat' dir='ltr'>ipse</span> <span class='ocrx_word' id='word_1_240' title='bbox 632 3345 806 3410; x_wconf 79' lang='lat' dir='ltr'>decreverat</span> <span class='ocrx_word' id='word_1_241' title='bbox 850 3345 903 3404; x_wconf 90' lang='lat' dir='ltr'>Illi</span> <span class='ocrx_word' id='word_1_242' title='bbox 924 3345 1031 3406; x_wconf 79' lang='lat' dir='ltr'>tentari</span> <span class='ocrx_word' id='word_1_243' title='bbox 1045 3344 1124 3420; x_wconf 91' lang='lat' dir='ltr'>ipsos</span> 
     </span>
     <span class='ocr_line' id='line_1_33' title="bbox 109 3437 1125 3520; baseline -0.004 -20"><span class='ocrx_word' id='word_1_244' title='bbox 109 3441 177 3516; x_wconf 86' lang='lat' dir='ltr'>rati,</span> <span class='ocrx_word' id='word_1_245' title='bbox 189 3442 246 3520; x_wconf 88' lang='lat' dir='ltr'>qud</span> <span class='ocrx_word' id='word_1_246' title='bbox 267 3441 385 3500; x_wconf 86' lang='lat' dir='ltr'>leoilids</span> <span class='ocrx_word' id='word_1_247' title='bbox 400 3440 457 3500; x_wconf 75' lang='lat' dir='ltr'>&#39;ab</span> <span class='ocrx_word' id='word_1_248' title='bbox 477 3440 599 3519; x_wconf 80' lang='lat' dir='ltr'>integris</span> <span class='ocrx_word' id='word_1_249' title='bbox 620 3447 805 3518; x_wconf 84' lang='lat' dir='ltr'>sumptuosos</span> <span class='ocrx_word' id='word_1_250' title='bbox 826 3440 1011 3512; x_wconf 85' lang='lat' dir='ltr'>disoemeret,</span> <span class='ocrx_word' id='word_1_251' title='bbox 1031 3437 1125 3512; x_wconf 86' lang='lat' dir='ltr'>prola·</span> 
     </span>
     <span class='ocr_line' id='line_1_34' title="bbox 109 3532 1122 3616; baseline -0.004 -22"><span class='ocrx_word' id='word_1_252' title='bbox 109 3537 198 3594; x_wconf 84' lang='lat' dir='ltr'>tendo</span> <span class='ocrx_word' id='word_1_253' title='bbox 213 3535 394 3616; x_wconf 87' lang='lat' dir='ltr'>aliquantum</span> <span class='ocrx_word' id='word_1_254' title='bbox 402 3543 593 3596; x_wconf 80' lang='lat' dir='ltr'>extraxerant</span> <span class='ocrx_word' id='word_1_255' title='bbox 603 3535 749 3614; x_wconf 90' lang='lat' dir='ltr'>temporis.</span> <span class='ocrx_word' id='word_1_256' title='bbox 793 3535 836 3594; x_wconf 79' lang='lat' dir='ltr'>Et</span> <span class='ocrx_word' id='word_1_257' title='bbox 846 3535 914 3594; x_wconf 83' lang='lat' dir='ltr'>Rex</span> <span class='ocrx_word' id='word_1_258' title='bbox 924 3532 996 3592; x_wconf 87' lang='lat' dir='ltr'>satis</span> <span class='ocrx_word' id='word_1_259' title='bbox 1005 3549 1122 3608; x_wconf 58' lang='lat' dir='ltr'>marus,</span> 
     </span>
     <span class='ocr_line' id='line_1_35' title="bbox 109 3628 1122 3708; baseline -0.002 -20"><span class='ocrx_word' id='word_1_260' title='bbox 109 3631 301 3708; x_wconf 84' lang='lat' dir='ltr'>&#39;professioni</span> <span class='ocrx_word' id='word_1_261' title='bbox 315 3631 381 3689; x_wconf 78' lang='lat' dir='ltr'>seris</span> <span class='ocrx_word' id='word_1_262' title='bbox 395 3631 544 3708; x_wconf 89' lang='lat' dir='ltr'>pudorem,</span> <span class='ocrx_word' id='word_1_263' title='bbox 559 3651 617 3690; x_wconf 90' lang='lat' dir='ltr'>non</span> <span class='ocrx_word' id='word_1_264' title='bbox 631 3631 852 3701; x_wconf 80' lang='lat' dir='ltr'>contumaciam,</span> <span class='ocrx_word' id='word_1_265' title='bbox 868 3628 993 3700; x_wconf 84' lang='lat' dir='ltr'>obstare,</span> <span class='ocrx_word' id='word_1_266' title='bbox 1008 3643 1122 3686; x_wconf 84' lang='lat' dir='ltr'>mensas</span> 
     </span>
     <span class='ocr_line' id='line_1_36' title="bbox 109 3719 1119 3802; baseline -0.003 -18"><span class='ocrx_word' id='word_1_267' title='bbox 109 3726 179 3785; x_wconf 85' lang='lat' dir='ltr'>totis</span> <span class='ocrx_word' id='word_1_268' title='bbox 193 3725 298 3785; x_wconf 86' lang='lat' dir='ltr'>eastris</span> <span class='ocrx_word' id='word_1_269' title='bbox 312 3725 380 3802; x_wconf 91' lang='lat' dir='ltr'>poni</span> <span class='ocrx_word' id='word_1_270' title='bbox 392 3727 490 3802; x_wconf 82' lang='lat' dir='ltr'>jussit,</span> <span class='ocrx_word' id='word_1_271' title='bbox 505 3735 535 3785; x_wconf 88' lang='lat' dir='ltr'>et</span> <span class='ocrx_word' id='word_1_272' title='bbox 548 3729 557 3755; x_wconf 82' lang='lat'>⁷</span> <span class='ocrx_word' id='word_1_273' title='bbox 569 3727 668 3786; x_wconf 83' lang='lat' dir='ltr'>desem</span> <span class='ocrx_word' id='word_1_274' title='bbox 683 3726 776 3784; x_wconf 91' lang='lat' dir='ltr'>millia</span> <span class='ocrx_word' id='word_1_275' title='bbox 790 3723 967 3782; x_wconf 78' lang='lat' dir='ltr'>talentorum</span> <span class='ocrx_word' id='word_1_276' title='bbox 986 3719 1119 3800; x_wconf 87' lang='lat' dir='ltr'>proferri.</span> 
     </span>
     <span class='ocr_line' id='line_1_37' title="bbox 108 3815 1118 3898; baseline -0.002 -18"><span class='ocrx_word' id='word_1_277' title='bbox 108 3817 183 3882; x_wconf 73' lang='lat' dir='ltr'>Tum</span> <span class='ocrx_word' id='word_1_278' title='bbox 197 3821 312 3880; x_wconf 82' lang='lat' dir='ltr'>demum</span> <span class='ocrx_word' id='word_1_279' title='bbox 325 3819 401 3878; x_wconf 82' lang='lat' dir='ltr'>⁸lide</span> <span class='ocrx_word' id='word_1_280' title='bbox 415 3821 495 3880; x_wconf 75' lang='lat' dir='ltr'>laets</span> <span class='ocrx_word' id='word_1_281' title='bbox 507 3821 630 3898; x_wconf 76' lang='lat' dir='ltr'>professi</span> <span class='ocrx_word' id='word_1_282' title='bbox 651 3827 737 3894; x_wconf 74' lang='lat' dir='ltr'>sunt,</span> <span class='ocrx_word' id='word_1_283' title='bbox 758 3837 811 3878; x_wconf 87' lang='lat' dir='ltr'>neo</span> <span class='ocrx_word' id='word_1_284' title='bbox 827 3815 960 3894; x_wconf 75' lang='lat' dir='ltr'>amplius</span> <span class='ocrx_word' id='word_1_285' title='bbox 980 3836 1017 3876; x_wconf 88' lang='lat' dir='ltr'>ex</span> <span class='ocrx_word' id='word_1_286' title='bbox 1038 3821 1118 3878; x_wconf 76' lang='lat' dir='ltr'>tante</span> 
     </span>
    </p>
   </div>
   <div class='ocr_carea' id='block_1_3' title="bbox 279 3932 329 3988">
    <p class='ocr_par' dir='ltr' id='par_1_5' title="bbox 279 3932 329 3988">
     <span class='ocr_line' id='line_1_38' title="bbox 279 3932 329 3988; baseline 0 0"><span class='ocrx_word' id='word_1_287' title='bbox 279 3932 329 3988; x_wconf 72' lang='lat'>11*</span> 
     </span>
    </p>
   </div>
   <div class='ocr_carea' id='block_1_4' title="bbox 0 0 1316 4382">
    <p class='ocr_par' dir='ltr' id='par_1_6' title="bbox 0 0 1316 4382">
     <span class='ocr_line' id='line_1_39' title="bbox 0 0 1316 4382; baseline 0 0"><span class='ocrx_word' id='word_1_288' title='bbox 0 0 1316 4382; x_wconf 95' lang='lat' dir='ltr'> </span> 
     </span>
    </p>
   </div>
  </div>
 </body>
</html>
