2622 4382
180 355 242 423 Μ
531 365 674 416 edwii
701 370 840 414 onaan

86 553 88 558 -
182 509 327 586 Bioonem,
341 508 369 572 si
386 507 636 572 dareturoccasio.
679 506 826 570 Oaeterdm
846 507 991 588 principos
1010 526 1109 574 comm
1127 509 1204 573 bam

181 603 378 668 multitudinis
401 603 616 684 mitigaverunt.
667 602 781 664 Praeter
805 621 885 680 spem
908 621 991 663 snam
1016 602 1111 664 Bicon
1131 625 1204 683 prae·

183 699 260 760 senti
279 697 409 778 periculo
423 704 547 776 ereptus,
568 696 655 775 paulo
668 703 735 774 post
747 695 903 756 insidiatus
916 697 1083 758 auctoribus
1096 698 1201 760 salutis

183 815 244 856 suae
267 801 327 872 est,
351 795 436 870 eujus
460 793 525 852 dolo
546 793 670 872 cognito,
695 799 725 850 et
747 791 843 869 ipsum
864 791 1152 870 comprehenderunt,
1174 801 1207 854 et

184 888 307 950 Boxum.
364 888 508 950 Ossterbm
530 886 646 946 Boxum
669 885 801 964 protinis
830 885 940 964 placuit
961 885 1099 965 interfici,
1121 889 1206 950 Bieo·

183 983 362 1046 nemetiam
381 1001 433 1060 per
455 981 615 1040 cruciatum
638 981 742 1040 necari
785 980 911 1060 Jamque
924 981 1036 1058 corpori
1059 988 1209 1044 tomenta

184 1077 417 1152 admovebantur,
432 1077 500 1134 cim
515 1074 609 1136 Graeci
622 1075 741 1151 milites,
757 1074 911 1152 (incertum
921 1075 958 1136 ob
967 1095 1056 1154 quam
1068 1095 1206 1154 causam„

183 1171 341 1251 lymphatis
356 1169 464 1232 similes
477 1170 515 1228 ad
528 1189 610 1230 arma
628 1169 800 1230 discurrunt.
843 1169 974 1242 Quorum
985 1170 1107 1230 fremitu
1120 1191 1207 1232 exan-

186 1266 258 1342 dito,
280 1267 331 1346 qui
352 1273 486 1345 torquere
509 1264 647 1324 Bieonem
665 1264 742 1341 jussi
763 1271 855 1340 erant,
870 1264 1002 1342 omisere,
1016 1265 1104 1326 veriti
1117 1285 1155 1325 ne
1175 1265 1209 1326 id

185 1363 280 1424 erere
293 1361 534 1422 tumultuantium
547 1360 750 1422 vociferatione
763 1360 996 1438 prohiberentur.
1046 1360 1116 1438 Ille,
1129 1362 1209 1422 sient

185 1459 313 1518 nudatus
336 1464 407 1534 erat,
420 1455 553 1535 pervenit
575 1455 613 1514 ad
636 1454 761 1532 Graecos,
775 1463 804 1514 ct
819 1455 1013 1518 'miserabilis
1034 1455 1127 1516 facies
1140 1477 1208 1536 sup-

186 1554 274 1632 plicio
287 1553 424 1612 destinati
446 1553 478 1610 in
500 1551 647 1612 diversum
670 1550 780 1610 animos
802 1553 920 1630 repente
934 1551 1069 1627 mutavit,
1084 1551 1209 1612 dimitti·

186 1667 242 1726 que
270 1667 337 1706 eum
360 1650 516 1724 jusserunt
573 1645 640 1704 Hoc
666 1645 750 1704 modo
778 1650 863 1724 poena
890 1645 936 1708 bis
962 1645 1112 1722 hberatas‚
1140 1667 1210 1710 cum

186 1741 310 1816 castoris,
324 1741 374 1820 qui
397 1738 524 1798 colonias
547 1759 565 1798 a
588 1739 671 1818 Rege
692 1739 852 1800 attributas
871 1739 1061 1820 reliquerimt,
1081 1743 1209 1805 revertit

185 1835 217 1896 in
229 1835 361 1914 patriam
404 1835 477 1894 Haec
491 1834 567 1892 eirca
580 1833 690 1894 Baetra
703 1841 733 1892 et
747 1833 919 1912 Scytharum
932 1835 1070 1896 terminos
1083 1843 1175 1916 gesta

246 1929 441 1992 salutarim
466 1928 578 2008 Regem
605 1927 727 1990 duarum
753 1929 884 2008 gentium
912 1929 979 2008 ⁴(ds
1005 1931 1109 2010 quibus
1136 1935 1209 1992 ants

185 2025 297 2086 dietum
321 2028 376 2106 est)
392 2032 507 2084 centum
528 2023 618 2104 legati
641 2024 756 2084 adeunt.
800 2023 908 2086 Omnes
921 2045 1008 2086 curru
1020 2026 1209 2105 vehebantur,

187 2119 517 2206 eximialmagnitudine
540 2139 701 2198 corporum,
726 2119 826 2178 decoro
848 2119 967 2182 habitu:
999 2120 1085 2182 lineae
1108 2129 1209 2185 vestes

188 2217 332 2278 ‘intextae
355 2236 435 2292 auro,
456 2219 641 2294 purpuraque
665 2213 816 2276 distinctae.
868 2214 908 2274 Ei
934 2234 965 2276 se
992 2215 1095 2276 dedere
1117 2217 1209 2296 ipsos,

186 2314 281 2389 urbes,
303 2331 443 2392 agrosque
466 2311 639 2386 referebant,
655 2329 707 2388 per
729 2316 774 2370 tot
788 2315 888 2370 estates
908 2309 1077 2372 inviolatam
1090 2311 1208 2374 liberta·

187 2415 248 2468 tem
268 2407 349 2466 illius
370 2407 499 2484 primum
522 2405 589 2464 fidei
618 2405 777 2484 ditionique
799 2405 998 2484 permissuros.
1048 2405 1127 2468 Deos
1149 2409 1209 2471 sibi

186 2499 340 2563 deditionis
361 2507 500 2574 auctores,
523 2517 581 2558 non
602 2506 726 2558 metum:
747 2499 853 2580 qnippe
866 2500 1004 2562 ⁶intaetis
1024 2500 1138 2564 viribus
1159 2505 1207 2582 ju.-

185 2615 256 2676 gum
268 2593 406 2672 excipere.
448 2593 522 2668 Rex,
537 2591 657 2652 oonsilio
671 2591 779 2670 habito,
794 2593 908 2654 deditos
932 2595 964 2654 in
984 2595 1070 2656 fidem
1083 2597 1206 2678 aceepit,

187 2688 341 2770 stipendio,
354 2687 431 2768 quod
452 2686 622 2746 Arachosiis
634 2693 755 2767 utraque
779 2689 859 2748 natio
872 2690 1047 2768 pensitabat,
1061 2691 1205 2770 imposito.

187 2785 337 2848 Praetores
351 2785 407 2844 duo
420 2781 514 2844 millia
527 2788 557 2840 et
569 2781 741 2862 quingentos
756 2783 885 2862 ⁷equites
898 2785 1038 2864 imperat:
1067 2793 1097 2846 et
1110 2788 1207 2848 omnia
1302 2813 1303 2838 i

186 2881 352 2944 obedienter
366 2901 383 2940 a
396 2877 534 2940 Barbarie
547 2877 631 2938 faeta.
673 2876 811 2938 Invitatis
832 2877 933 2938 danda
948 2880 985 2940 ed
1007 2880 1107 2960 epulas
1128 2881 1206 2964 lega-

186 2976 227 3034 tis
249 2977 389 3056 gentium,
412 2974 586 3054 regulisque,
600 2971 734 3034 exornari
754 2973 916 3034 convivium
935 2975 1032 3052 jussit
1076 2974 1206 3038 Centum

187 3071 266 3130 aurei
292 3070 359 3128 lecti
381 3069 505 3130 modicis
527 3067 689 3128 intervallis
710 3067 800 3146 positi
822 3075 913 3128 erant
955 3068 1060 3130 Lectos
1085 3069 1206 3132 choum·

187 3163 305 3226 dederat
330 3163 433 3238 aulaea,
460 3169 589 3242 purpura
616 3183 742 3242 auroque
768 3163 931 3243 fulgentia,
964 3164 1125 3244 ‘quidquid
1153 3173 1206 3226 aut

187 3259 263 3340 apud
285 3259 393 3318 Persas
406 3265 503 3318 vetere
516 3258 597 3334 luxu,
612 3265 664 3316 aut
685 3257 761 3336 apud
784 3257 958 3318 Macedonas
980 3264 1057 3320 novat
1070 3259 1206 3320 immuta·

188 3356 267 3416 tione
288 3359 454 3430 surruptum
478 3359 549 3427 erat,
569 3353 696 3412 confusis
715 3353 865 3434 utriusque
887 3352 984 3432 gentis
998 3353 1087 3429 vitiis,
1100 3353 1134 3412 in
1152 3354 1206 3417 illo

183 3450 316 3529 ¹convivio
338 3445 497 3508 ostendens.
538 3445 685 3506 Intererat
706 3446 800 3526 epulis
821 3445 986 3528 Dioxippus
1005 3447 1206 3524 Atheniensis,

186 3547 270 3628 pugil
289 3542 404 3618 nobilis,
420 3547 450 3601 et
472 3541 509 3602 ob
531 3539 665 3600 eximiam
678 3542 818 3601 virtutem
833 3540 947 3618 virium,
965 3544 1027 3620 jam
1046 3541 1124 3622 Regi
1143 3561 1207 3622 per-

187 3649 274 3702 notus
288 3648 318 3700 et
329 3646 439 3720 gratus.
481 3635 581 3697 Invidi
601 3635 778 3716 malignique
792 3635 979 3714 increpabant
993 3639 1064 3716 'per
1078 3636 1154 3696 seria
1175 3643 1207 3698 et

187 3735 298 3810 ludum,
322 3734 446 3814 saginati
469 3731 596 3812 corporis
618 3731 702 3810 sequi
725 3729 859 3789 inutilem
885 3731 1026 3810 bellnam;
1059 3734 1128 3792 crim
1149 3732 1208 3810 ipsi
1300 3759 1303 3768 ·

110 3903 112 3908 Α
186 3827 319 3903 praelium
340 3829 457 3904 inirent,
480 3828 543 3888 oleo
567 3825 731 3886 madentem
757 3845 918 3906 praeparare
945 3833 1074 3887 vennam
1101 3827 1205 3906 epulis.
