2642 4386
180 333 236 396 iss
523 345 669 396 onrsrr
691 345 836 386 annun

177 493 266 556 altius
279 497 368 550 terrm
382 489 532 566 fastigium
545 487 555 516 ¹
566 486 716 546 excedant.
759 485 853 544 Plana
866 493 936 547 sunt
947 491 1062 558 caetera,
1076 483 1194 544 multis·

176 609 232 670 qne
255 587 373 666 inclytis
401 587 533 646 amnibus
555 583 706 645 ⁴Caucaso
733 593 830 644 monte
858 585 940 659 ortis,
963 582 1110 662 placidum
1137 601 1195 660 per

177 703 292 762 campos
318 683 376 742 iter
408 681 549 760 praebent.
605 681 698 740 Indus
726 681 851 760 gelidior
878 687 932 755 ert,
961 680 1052 758 qnam
1081 678 1190 737 eaeteri.

179 781 281 860 Aquas
308 778 390 839 vehit
417 797 435 836 a
461 777 556 836 colore
592 776 680 834 maris
715 776 794 834 haud
828 775 954 834 multum
991 774 1191 834 abhorrentes

178 875 295 956 Ganges
319 874 411 933 amnis
433 873 470 933 ab
488 881 554 931 ortu
568 872 702 946 eximius,
718 871 756 930 ad
776 871 965 930 meridianam
979 869 1126 948 regionem
1142 869 1193 927 dc·

178 971 278 1045 cnrrit,
307 977 337 1029 et
364 987 534 1048 magnorum
560 967 703 1025 montium
728 969 800 1044 juga
827 973 905 1024 recte
934 965 1016 1024 alveo
1043 964 1192 1042 ‘stringit
1249 1021 1254 1030 ,

179 1065 253 1126 inde
268 1085 334 1124 enm
347 1065 469 1141 objectae
482 1081 570 1140 rupes
583 1061 725 1120 inclinant
739 1062 776 1120 ad
793 1061 956 1124 Orientem.
989 1059 1088 1139 thue
1101 1059 1194 1118 rubro

178 1161 251 1220 mari
265 1159 412 1236 accipitur,
426 1157 557 1216 ‘findens
571 1157 658 1234 ripas,
672 1157 781 1215 multas
796 1157 914 1216 arbores
928 1175 994 1214 cum
1013 1157 1119 1234 magud
1134 1153 1195 1213 soli

178 1263 261 1333 parte
275 1254 419 1314 exsorbet.
462 1252 548 1312 Saxis
561 1271 675 1331 qnoque
686 1251 843 1330 impeditus
861 1251 963 1310 crebrd
977 1251 1192 1311 reverberatur.

179 1351 241 1412 Ubi
278 1349 395 1409 mollius
432 1349 525 1408 solum
562 1347 679 1425 reperit,
708 1353 832 1425 stagnat,
858 1346 1023 1426 insulasque
1060 1345 1193 1404 molitur.

181 1446 322 1506 Acesines
337 1445 444 1504 Indum
459 1451 563 1522 anget:
585 1444 773 1502 decursurum
787 1443 818 1501 in
836 1463 915 1502 mare
929 1441 1095 1520 intercipit:
1115 1461 1195 1520 mag-

179 1561 274 1620 noque
298 1549 379 1600 motu
403 1540 495 1598 amnis
519 1545 641 1616 uterque
665 1538 822 1597 colliditur.
865 1536 979 1614 Quippe
1004 1555 1140 1614 asperum
1160 1553 1197 1594 os

180 1636 315 1694 influenti
339 1634 458 1710 objicit3
479 1652 532 1691 nec
553 1651 729 1710 repercussae
754 1651 836 1711 aqnae
860 1631 975 1690 cedunt.
1023 1629 1197 1708 Dyardenes

181 1731 278 1788 minda
309 1729 423 1789 celeber
451 1729 552 1786 auditu
580 1735 633 1801 est,
661 1727 730 1807 qnia
756 1747 809 1805 per
836 1727 942 1786 ultima
968 1725 1064 1786 Indiae
1090 1727 1196 1786 currit.

182 1823 332 1885 Oecterdm
344 1841 402 1882 non
416 1821 576 1880 crocodilos
589 1821 684 1896 ruodd,
698 1823 744 1880 nti
759 1822 856 1898 Nilne,
869 1823 920 1881 sed
935 1823 1022 1882 etiam
1033 1822 1197 1900 delphines,

180 1921 351 1999 ignotaeque
377 1917 441 1976 aliis
461 1917 598 1996 gentibus
621 1917 734 1978 belluas
757 1917 818 1976 alit.
870 1908 1199 1996 Erimanthns'orebgis

180 2014 305 2074 flexibus
319 2013 443 2074 subinde
458 2019 596 2071 curvatur
611 2011 647 2071 ab
662 2012 767 2072 accolis
781 2013 945 2091 rigantibus
958 2013 1094 2091 carpitur.
1148 2013 1199 2072 ua

182 2117 336 2184 causaest,
351 2129 402 2168 cnr
416 2116 518 2167 tennes
532 2108 671 2187 reliquias
689 2110 751 2186 jam
765 2109 827 2168 sinc
843 2109 958 2167 nomine
978 2109 1009 2167 in
1022 2127 1101 2168 mare
1116 2107 1199 2167 emit-

182 2214 235 2268 tat.
278 2206 383 2266 Multis
403 2212 511 2284 praeter
532 2203 586 2263 hos
600 2204 731 2264 amnibus
744 2211 807 2264 tota
819 2205 899 2283 regio
914 2205 1065 2280 dividitur,
1080 2203 1132 2264 sed
1154 2205 1199 2282 ig·

182 2303 336 2378 nobilibus,
352 2301 439 2381 'quia
451 2303 510 2360 non
523 2300 596 2360 adeb
611 2301 790 2359 interfluunt.

242 2401 289 2456 29.
312 2397 457 2457 Caeterum
483 2415 549 2475 quae
572 2397 707 2473 propiora
740 2401 808 2454 snut
831 2396 913 2472 mari,
935 2395 1096 2474 Aquilones
1117 2415 1198 2455 max-

182 2493 241 2552 ime
264 2492 396 2550 deerunt.
438 2491 478 2565 Ii,
503 2491 623 2550 cohibiti
647 2491 727 2570 jugis
746 2491 896 2566 montium,
918 2491 956 2550 ad
976 2491 1116 2551 interiora
1136 2511 1198 2550 non

182 2593 344 2664 penetrant,
359 2585 402 2643 ita
415 2585 527 2644 alendis
540 2586 674 2662 frugibus
688 2586 778 2645 mitia
821 2585 880 2646 Sed
894 2587 966 2646 adad
987 2585 1018 2645 in
1032 2585 1087 2644 illa
1107 2587 1198 2666 plaga

182 2681 307 2742 mundns
332 2689 424 2742 statas
446 2687 606 2758 temporum
628 2680 706 2740 vices
728 2688 831 2758 mutat,
850 2689 885 2740 nt
907 2683 976 2741 edm
999 2681 1058 2742 alia
1080 2683 1197 2743 fervore

184 2779 254 2839 solis
276 2783 447 2851 exaestuant,
472 2775 589 2835 Indiam
609 2775 691 2835 nives
716 2775 858 2836 obruant:
886 2779 1047 2858 rnrsrlsqne
1066 2778 1119 2838 ubi
1142 2797 1196 2838 cca

184 2881 249 2934 tera
274 2875 380 2954 rigent,
408 2872 469 2932 illic
495 2870 694 2930 intolerandus
721 2877 812 2930 aestus
840 2872 972 2932 existat:
1002 2893 1056 2934 nec
1079 2873 1197 2952 aperuit

185 2988 216 3028 se
244 2977 357 3028 naturae
390 2987 484 3028 causa.
549 2967 633 3026 Mare
659 2969 749 3042 certi,
785 2987 841 3047 qno
876 2967 1006 3044 alluitur,
1036 2989 1073 3028 ne
1100 2968 1198 3028 colore

184 3063 303 3143 quidem
325 3065 462 3124 abhorret
485 3085 502 3123 a
522 3064 642 3124 caeteris.
685 3063 735 3124 Ab
751 3063 883 3142 Erythrai
897 3064 980 3142 Rege
1002 3064 1127 3123 inditum
1152 3067 1198 3122 est

184 3177 297 3232 nomen,
316 3167 436 3236 propter
460 3160 539 3238 quod
562 3160 657 3240 ignari
680 3159 784 3220 rubera
809 3179 897 3238 aquas
919 3161 1052 3218 creduut.
1106 3159 1198 3219 Terra

186 3253 241 3314 lini
253 3255 349 3313 ferax:
372 3253 440 3312 indd
454 3254 601 3333 plerisque
616 3263 684 3315 suut
698 3263 801 3316 vestes.
831 3254 936 3315 'Libri
948 3255 1085 3314 arborum
1095 3253 1197 3329 teucri,

185 3349 264 3410 haud
278 3349 362 3409 secde
376 3349 465 3428 qudm
478 3348 596 3424 chartae,
610 3350 776 3408 litterarum
797 3355 881 3409 notas
895 3349 1021 3427 capiunt.
1064 3347 1145 3409 Aves
1160 3347 1198 3408 ad

186 3445 359 3506 imitandum
372 3445 505 3504 humanae
519 3445 599 3504 vocis
613 3463 716 3504 sonum
727 3445 837 3504 dociles
853 3453 939 3504 runt:
961 3445 1097 3504 animalia
1110 3443 1199 3504 inual-

187 3549 249 3602 tata
262 3541 374 3602 caeteris
388 3539 533 3621 gentibus,
547 3539 605 3598 nisi
619 3540 740 3600 invecta.
782 3539 894 3599 Eadem
905 3549 987 3600 terra
1000 3541 1197 3602 rhinocerotas

187 3639 249 3710 alit,
269 3640 347 3698 'non
360 3642 487 3716 generat.
530 3634 760 3714 Elephantorum
779 3637 872 3712 major
892 3645 937 3696 est
951 3637 1003 3712 vis,
1018 3657 1105 3716 quam
1125 3655 1198 3716 qnos

186 3731 218 3790 in
232 3735 336 3794 Africa
350 3733 508 3808 domitaut;
532 3738 561 3790 et
570 3729 681 3791 viribus
690 3729 860 3808 magnitudo
872 3732 1035 3810 respondet.
1078 3733 1196 3791 Aurum
1267 3785 1273 3800 ,

185 3825 306 3886 flumina
318 3829 436 3904 vehunt,
450 3847 516 3908 quae
538 3825 598 3888 leui
618 3825 787 3906 modicoque
808 3825 892 3906 lapsu
915 3845 1017 3906 segnes
1035 3847 1126 3906 aquas
1147 3825 1208 3888 du.
