2520 4390
375 385 497 428 nrsnu
523 385 576 427 v1.
604 385 689 428 our.
716 385 779 426 111.
1032 367 1087 426 nt

68 531 190 590 thienen
202 527 343 588 habemus
362 527 393 584 in
413 531 564 604 potestate.
607 523 713 584 Plures
735 522 906 584 Provincias
919 521 1088 600 complexus

69 647 145 700 sum,
161 627 250 704 quum
263 621 313 680 alii
326 622 413 682 urbes
428 627 583 699 ceperunt3
605 627 637 679 et
652 620 748 678 nescio
763 639 800 678 un
820 619 1000 678 enumeranti
1011 619 1087 678 mibi

68 720 226 800 'quaedam
247 719 373 796 ipsarum
395 735 494 775 rerum
516 714 676 774 multitudo
698 713 877 773 subduxerit
920 713 1035 792 Itaque,
1059 713 1087 774 si

71 815 221 874 crederem
235 813 305 872 satis
325 818 434 871 certam
449 827 511 869 esse
524 809 735 887 possessionem
748 816 902 883 terrarum
916 827 987 887 quas
1002 810 1086 866 tuntt

70 910 224 970 velocitate
247 907 419 981 domuimus,
443 925 495 985 ego
508 906 586 979 vero,
600 903 719 978 milites,
741 904 778 962 ad
799 911 920 981 penates
941 922 1029 980 meos,
1049 903 1088 962 ad

70 1011 228 1084 parentem,
244 1021 423 1082 sororesque,
439 1009 469 1060 et
488 1008 609 1060 caeterm
630 1001 717 1075 cives,
732 999 781 1060 vel
793 999 988 1060 retinentibus
1003 999 1088 1060 vobis

69 1117 259 1177 erumperem,
287 1099 343 1156 'ut
369 1097 412 1156 ibi
434 1097 622 1174 potissimum
653 1099 738 1172 pnrtt
765 1093 915 1156 vobiscum
941 1093 1028 1154 laude
1056 1100 1088 1152 ct

67 1195 164 1272 gloria
187 1195 309 1268 fruerer,
323 1192 376 1252 ubi
396 1208 450 1250 nos
470 1191 616 1251 uberrime
629 1189 761 1250 vietoriae
783 1189 902 1267 praemia
916 1195 1086 1267 expectent,

66 1289 237 1362 liberorum,
251 1291 416 1366 conjugum,
430 1293 639 1364 parentumque
660 1285 774 1359 lustitia,
795 1305 862 1362 pax,
876 1285 970 1363 quies,
990 1303 1088 1344 rerum

66 1405 120 1462 per
133 1384 276 1443 virtutem
288 1389 438 1459 portarum
452 1399 553 1438 secura
565 1379 716 1456 possessio.

131 1478 221 1538 “Sed
244 1478 276 1534 in
297 1495 382 1550 novo,
397 1483 428 1533 et
442 1475 479 1550 (si
489 1495 591 1534 verum
612 1475 700 1533 lateri
713 1473 860 1552 volumus)
883 1473 1015 1551 precario
1036 1473 1087 1532 im·

68 1573 161 1650 perio,
176 1571 288 1630 ‘adhue
299 1573 402 1650 jugum
416 1571 478 1647 ejus
492 1569 590 1648 rigide
603 1569 716 1629 cervice
730 1569 922 1630 subeuntibus
936 1568 1085 1644 Barburis,

69 1675 210 1745 tempore,
236 1665 354 1742 milites,
369 1683 441 1744 opus
462 1673 515 1741 est,
531 1666 600 1724 dum
621 1664 788 1725 mitioribus
809 1665 934 1744 ingeniis
957 1664 1084 1726 imbuun-

67 1769 127 1835 tur,
149 1761 282 1820 efferatos
295 1761 412 1819 mollior
424 1760 602 1819 consuetudo
616 1760 800 1837 permulceat.
842 1759 956 1838 Fruges
969 1778 1085 1838 quoque

67 1859 266 1916 maturitatem
290 1865 402 1916 statuto
424 1865 552 1935 tempore
577 1863 753 1934 exspectant.
805 1856 892 1915 Aded
916 1856 1005 1915 ctiam
1032 1855 1086 1914 ille

69 1957 173 2022 sensus
197 1953 290 2012 omnis
312 1953 451 2030 expertia,
476 1960 574 2011 tamen
601 1956 655 2011 sut
681 1952 746 2031 lege
772 1952 936 2010 mitescunt
980 1949 1085 2021 Quid?

68 2047 188 2106 creditis
205 2027 253 2106 lot
274 2055 376 2124 gentes
398 2047 519 2106 alterius
539 2048 662 2124 imperio
676 2067 709 2105 ue
728 2047 845 2106 nominc
866 2053 1006 2119 assuetas,
1027 2063 1086 2104 nou

69 2144 169 2216 sacris,
190 2163 248 2200 non
270 2140 408 2216 moribus,
421 2161 480 2200 non
502 2143 671 2200 commercio
693 2141 801 2218 linguae
821 2141 972 2200 nobiscum
996 2141 1086 2201 cobse-

69 2243 179 2310 rentes,
194 2237 297 2294 eodem
316 2235 416 2313 praelio
432 2237 557 2294 domitas
580 2253 642 2294 esso
664 2255 722 2314 quo
735 2236 822 2294 victae
836 2234 927 2293 sunt?
967 2234 1087 2294 Vestris

68 2331 159 2390 armis
184 2331 375 2408 continentur,
396 2350 455 2389 non
478 2329 539 2388 suis
558 2330 705 2405 moribus;
728 2329 830 2408 etqui
851 2336 1010 2407 praesentes
1029 2349 1085 2388 me·

68 2434 167 2500 tuunt,
182 2427 213 2484 in
236 2426 368 2486 absentit
392 2426 489 2485 hostes
514 2432 607 2484 erunt.
652 2424 726 2485 Cum
749 2425 819 2484 feris
844 2425 948 2486 bestiis
969 2444 1016 2484 res
1030 2431 1083 2501 cst,

67 2540 141 2599 quas
164 2527 264 2598 captas
288 2527 319 2578 et
342 2521 478 2595 inclusas,
502 2520 571 2599 quia
595 2519 723 2597 ipsarum
748 2527 853 2579 natura
877 2539 935 2578 non
957 2521 1082 2598 ’potest

68 2617 180 2694 longior
195 2615 257 2674 dies
270 2615 392 2694 mitigat.
435 2615 478 2673 Et
500 2614 595 2673 adbno
614 2615 655 2673 sio
676 2635 739 2695 ugo,
755 2615 896 2694 tunqudm
910 2616 1005 2674 omnia
1018 2615 1082 2674 sub

68 2718 133 2768 acto
154 2711 213 2768 sint
235 2710 332 2785 armis,
347 2729 413 2789 quas
433 2711 554 2769 fuerunt
575 2711 738 2769 inditione
767 2711 859 2768 Darii.
903 2709 1084 2786 Hyrcanium

70 2805 254 2864 Nabarzanes
268 2806 427 2883 occupavit.
469 2805 580 2864 Bactra
599 2824 656 2864 non
678 2805 775 2864 soldm
794 2804 927 2882 possidet
939 2805 1084 2880 parricide

69 2901 189 2974 Bessus,
215 2901 267 2958 sed
289 2901 376 2958 etiam
390 2901 543 2960 ‘minatur
595 2901 743 2979 Sogdiani,
772 2899 872 2974 Dahae,
901 2899 1083 2978 Massageta,
1169 2889 1172 2894 ¹

69 2997 161 3070 Sacae,
178 2995 255 3074 Indi,
268 2997 333 3055 'sui
350 2997 424 3073 juris
444 3005 519 3056 suut.
564 2995 673 3058 Omnes
694 2997 734 3070 hi,
755 2995 862 3054 ⁸simul
882 3001 965 3075 terga
983 3005 1085 3058 nostre

68 3092 207 3166 viderint,
224 3099 390 3170 sequentur.
453 3091 505 3150 Illi
528 3093 606 3151 enim
629 3091 761 3170 ejusdem
781 3092 909 3151 nationis
931 3101 1009 3167 suut,
1029 3111 1082 3152 nos

68 3187 240 3266 alienigenae
262 3193 292 3246 et
313 3187 434 3246 externi.
478 3187 546 3247 Suis
568 3195 665 3246 sutem
684 3189 790 3267 quique
803 3196 906 3266 parent
927 3189 1082 3267 placidius,

69 3281 157 3341 etiam
171 3287 235 3341 cdm
249 3283 274 3342 is
286 3290 396 3362 praeest
417 3283 468 3361 qui
481 3283 574 3362 magis
597 3283 694 3342 timeri
713 3292 818 3362 potest.
880 3285 1009 3344 Proinde
1029 3290 1083 3340 aut

68 3395 135 3454 quae
148 3377 273 3454 cepimus
287 3377 449 3437 omittenda
462 3385 539 3454 sunt,
550 3385 601 3436 aut
614 3397 679 3459 ques
687 3398 745 3439 non
756 3364 895 3442 habemus
906 3376 1079 3453 occupando.

70 3469 154 3530 Sicut
176 3472 207 3530 in
226 3473 394 3550 corporibus
407 3474 503 3552 aegris,
519 3474 635 3550 milites,
649 3475 725 3534 nibil
747 3477 825 3555 quod
846 3475 1082 3532 nociturum-est

68 3565 172 3625 medici
185 3567 373 3646 relinquunt:
388 3570 430 3629 sic
441 3589 501 3645 nos,
511 3569 654 3650 quidquid
663 3572 761 3633 obstat
770 3569 899 3646 imperio,
909 3563 1080 3623 recidamus.

70 3661 166 3721 Parva
180 3679 257 3740 saepe
272 3663 400 3723 scintilla
414 3673 579 3744 contempta
592 3685 728 3745 magnum
749 3661 888 3721 excitavit
908 3657 1079 3718 incendium.

70 3755 125 3815 Nss
146 3759 211 3816 tutd
234 3759 264 3816 in
285 3759 370 3818 hoste
392 3760 568 3838 despicitur:
598 3781 684 3839 quem
707 3755 860 3835 spreveris,
888 3753 1080 3816 valentiorem

67 3850 360 3930 negligentitlacies.
424 3853 470 3913 Ne
486 3853 595 3913 Darius
608 3851 727 3929 quidem
747 3847 966 3908 hereditarium
979 3847 1077 3908 Perse
