2642 4386
224 343 280 417 tto
463 359 466 364 '
568 371 713 420 onasus
736 371 880 414 sunnis

281 513 327 572 36.
350 509 425 572 Haeo
449 509 597 588 expeditio
624 509 802 576 deoeieneem
826 517 930 590 magns
957 531 994 572 ex
1018 515 1102 590 parte
1129 509 1239 570 Asr‘nm

218 605 297 666 murt
310 612 372 666 tem
384 614 552 684 opportunae
571 605 703 667 viotoriae
722 604 840 667 domuit
881 605 1153 684 mnemosynes
1174 625 1239 668 esee

219 700 415 762 erediderunt:
435 700 541 780 quibus
552 700 653 761 fruetis
672 699 781 761 nullum
799 707 916 782 gentem
936 701 1125 762 Meaedonnm
1145 701 1239 760 umis

218 814 318 874 perenn
339 796 402 856 lore
424 795 638 856 oondtebautur.
678 794 784 874 Itaque
806 795 888 858 Saoae
912 797 1017 856 misire
1038 796 1163 874 legatos,
1186 796 1238 874 qni

218 889 425 970 pollioerentur
443 897 558 969 gentem
576 889 712 948 mandute
729 890 878 952 foeturam.
921 891 1056 951 Moverat
1072 909 1123 950 eos
1141 891 1237 970 Regis

218 1003 277 1046 nou
289 986 384 1047 virtus
396 984 496 1064 magis,
509 985 597 1063 quam
609 984 761 1046 elementia
773 985 805 1044 iu
823 985 951 1046 devietes
965 985 1103 1064 Seytbss:
1126 985 1237 1064 quippe
1291 981 1292 990 ’

124 1131 127 1135 ,
219 1079 346 1156 eaptiros
368 1097 467 1138 omues
491 1078 553 1139 sine
570 1079 664 1156 pretio
684 1079 842 1156 remiserat,
857 1082 908 1140 ’ut
929 1081 1015 1140 fidem
1036 1081 1156 1156 soeret,
1179 1080 1236 1140 sibi

219 1193 285 1234 oum
305 1173 490 1234 ferooissimis
513 1173 642 1254 gentium
666 1173 702 1234 de
724 1175 905 1250 fortitudine,
927 1193 985 1236 non
1007 1175 1043 1234 de
1067 1175 1124 1250 ire,
1145 1174 1236 1234 fnisse

220 1276 370 1330 oertsmen.
412 1267 543 1348 Benigne
556 1269 648 1348 igitur
667 1269 795 1347 exeeptis
815 1269 952 1331 Seuerum
971 1269 1083 1350 legetis,
1098 1271 1235 1333 oomitem

220 1363 393 1442 Exeipinum
405 1363 494 1440 dedit,
508 1363 601 1424 adhue
613 1363 771 1424 admediana
781 1365 928 1440 juvenem,
939 1365 1035 1424 metu
1054 1365 1128 1424 dore
1141 1365 1226 1424 nonni

218 1458 323 1518 liatum
336 1458 411 1520 sibi:
432 1458 483 1538 qui
497 1477 562 1518 oum
582 1457 676 1536 speeie
695 1457 825 1536 eorporis
843 1465 972 1538 aequaret
985 1458 1234 1537 Hephaestionem,

218 1552 315 1631 lepore
327 1551 406 1614 haud
419 1555 487 1612 send
501 1552 547 1611 illi
558 1571 611 1630 per
624 1558 695 1614 eret.
724 1551 802 1630 Ipse,
819 1551 939 1614 Cratero
953 1573 1018 1612 oum
1031 1555 1143 1630 majore
1151 1562 1235 1632 parte

219 1647 366 1706 exercitiis
378 1647 498 1706 modieis
511 1646 664 1708 itineribus
677 1647 757 1726 sequi
775 1649 866 1725 jusso,
879 1648 917 1706 ed
936 1647 1111 1720 Maracanda
1130 1649 1235 1710 urbem

218 1741 329 1802 tendit:
351 1759 389 1800 er
401 1744 458 1820 (prs
471 1741 660 1818 Spitamenes,
673 1742 791 1822 eognito
809 1744 872 1820 ejus
892 1743 1152 1819 adventassem
1171 1763 1235 1823 per·

218 1835 341 1915 fugerat
382 1833 487 1914 Itaque
500 1835 654 1914 quatriduo
667 1836 735 1896 Rex
747 1837 865 1916 longum
876 1837 992 1898 itineris
1005 1837 1132 1916 spatium
1141 1857 1234 1900 emen

220 1949 278 2006 sus,
291 1936 461 2010 pervenerat
483 1930 514 1989 in
536 1949 602 1990 eum
622 1929 727 2007 looum,
748 1931 783 1990 in
804 1950 870 2011 quo,
885 1931 1053 1992 Menedemo
1077 1933 1164 2010 dnos,
1177 1933 1233 1993 duo

219 2026 313 2086 millis
337 2025 478 2106 peditum,
499 2031 530 2084 et
549 2032 693 2086 treeontos
711 2027 822 2105 equites
841 2027 985 2088 amiserat.
1027 2027 1146 2087 Horum
1169 2047 1235 2088 osse

218 2121 332 2182 tumulo
342 2121 457 2202 oontegi
468 2121 566 2200 jussit,
580 2127 611 2181 et
624 2121 743 2182 inferias
752 2140 832 2181 more
844 2122 940 2200 patrio
945 2122 1039 2184 dedit
1081 2121 1156 2182 Jam
1166 2124 1234 2186 ora

219 2225 300 2278 tetus
321 2234 387 2278 oum
409 2217 549 2297 phalange
573 2215 706 2296 subsequi
730 2218 840 2294 jussus,
862 2216 900 2276 ed
922 2218 1033 2297 Regem
1052 2225 1233 2295 pervenerat

114 2309 122 2316 ⁶
219 2313 322 2394 Itaque
333 2319 368 2372 ut
387 2329 492 2388 omnes,
505 2311 556 2391 qui
576 2311 747 2386 defoderent,
760 2311 869 2390 pariter
888 2311 959 2374 belli
977 2311 1059 2372 olade
1070 2331 1234 2390 premeren-

218 2413 278 2481 tur,
288 2405 384 2486 oopies
396 2405 512 2481 dividit,
525 2406 628 2484 urique
641 2423 733 2485 egros,
747 2412 777 2466 et
788 2405 911 2466 interfiei
923 2406 1045 2484 puberes
1056 2407 1160 2484 jussit.

279 2501 318 2562 X„
341 2503 387 2562 3⁷.
409 2499 553 2578 Sogdiune
568 2500 649 2580 regio
661 2501 770 2578 majore
783 2519 820 2562 ex
832 2507 917 2579 parte
930 2501 1044 2562 deoerte
1056 2509 1121 2564 est:
1143 2503 1234 2564 ontin-

218 2601 305 2676 gente
315 2595 377 2654 ferd
391 2593 486 2655 stedia
498 2593 530 2652 in
543 2593 727 2654 latitudinem
739 2602 831 2657 vestm
849 2595 1018 2663 solitudines
1035 2603 1146 2660 teuent.
1186 2599 1234 2660 In-

218 2709 289 2770 gens
301 2689 429 2769 spatium
440 2695 529 2750 reotae
541 2689 665 2769 regionis
677 2695 731 2764 eet,
745 2709 797 2768 per
809 2709 895 2770 quam
906 2691 998 2752 emnia
1010 2691 1235 2770 (Polytimetum

219 2792 329 2847 vooant·
336 2783 449 2865 ineolae)
459 2784 562 2845 fertur.
605 2783 773 2844 {lomentum
784 2804 849 2847 eum
861 2788 935 2862 ripae
944 2785 977 2844 in
989 2791 1107 2846 munem
1118 2787 1235 2851 niveum

219 2887 343 2960 oogunt:
363 2880 468 2941 deinde
483 2898 606 2940 eaverna
618 2879 731 2958 aooipit,
744 2885 775 2940 et
787 2879 843 2940 sub
863 2886 972 2940 mnam
989 2881 1075 2959 repit
1119 2881 1235 2944 Cursus

220 2974 380 3036 absoouditi
394 2974 533 3036 indicium
547 2981 592 3034 est
604 2993 688 3054 aqnae
699 2975 822 3034 meantis
835 2993 930 3052 mnus,
941 2976 1010 3036 edm
1019 2975 1119 3054 ipsum
1128 2979 1234 3054 solum,

220 3068 274 3130 sub
286 3084 343 3148 quo
355 3075 455 3128 tantm
470 3069 562 3132 amnis
574 3069 649 3145 fluit,
662 3089 699 3128 ne
711 3070 823 3130 modieo
836 3069 955 3148 quidem
973 3070 1092 3132 resudet
1104 3073 1234 3134 humore.

221 3165 270 3224 Ex
282 3163 407 3242 eaptirie
420 3163 638 3244 Sogdianorum,
653 3165 691 3224 ad
703 3164 816 3244 Regem
835 3165 957 3246 triginta
975 3166 1162 3244 nobilissimi,
1177 3187 1235 3228 eor·

220 3279 323 3338 porum
336 3257 439 3319 robore
450 3259 566 3340 ammio,
579 3259 713 3337 perducti
725 3267 813 3321 erent
855 3260 915 3332 oui
930 3267 964 3322 ut
981 3281 1033 3340 per
1045 3263 1235 3342 interpretem

220 3359 414 3434 ⁰⁰8¹¹⁰V⁰¹¹¹¹¹i
435 3355 521 3430 l'ssssflu
543 3350 635 3434 Regis
658 3355 737 3433 ipsos
750 3356 789 3416 ud
812 3356 985 3434 snpplioinm
1000 3357 1095 3434 trabi3
1118 3377 1236 3420 earm
1291 3435 1292 3440 η

220 3449 382 3515 leonum
404 3448 489 3508 modo
516 3467 626 3524 eonem,
650 3449 850 3530 tripudiisque,
873 3457 904 3510 et
923 3451 1074 3513 laseiviore
1103 3454 1236 3532 eorporis
1291 3457 1292 3474 *

220 3550 310 3620 motu,
324 3543 460 3624 gaudium
472 3542 615 3623 quoddam
633 3544 723 3606 enimi
736 3551 883 3606 ostentare
900 3552 1056 3626 oooperunt
1099 3547 1236 3608 Admira-

85 3643 94 3664 ³
221 3645 271 3698 tus
283 3638 358 3714 Rex,
372 3641 456 3696 tenu
474 3637 674 3719 magnitudine
693 3639 783 3700 animi
801 3647 935 3718 oppetere
954 3647 1083 3715 mortem,
1105 3641 1237 3702 revomi

221 3749 269 3792 eos
289 3733 385 3810 jussit,
404 3751 519 3794 oensem
542 3739 602 3794 tarn
624 3734 722 3796 effusa
744 3735 867 3812 loetitiae,
881 3755 946 3796 oum
968 3735 1142 3814 supplioium
1170 3744 1238 3798 ante

219 3825 318 3886 oeulos
327 3825 473 3902 baberent,
487 3828 641 3907 requirens
683 3828 746 3904 Illi,
759 3829 1122 3907 siebalinoooidorsntur,
1135 3832 1237 3892 trisne
