2520 4390
311 371 434 413 neuun
464 371 523 411 vr.
555 371 641 412 uun.
661 369 700 412 x.
961 353 1019 412 188

81 514 178 574 invivio:
195 513 288 591 repent
308 529 367 572 nen
387 531 469 572 reum
489 509 585 587 modu,
598 511 652 572 sed
664 509 754 570 etium
767 509 945 586 dumnstum,
957 509 1016 570 irunt

80 615 161 669 lretnm
181 609 346 669 intuebantur.
400 607 523 670 Subibat
544 607 655 666 animes
675 605 873 666 Parmenionis
892 625 1015 686 qnoque,

80 706 117 762 nti
133 705 205 780 eineis,
224 711 273 762 tun
292 703 364 763 oleri
385 703 466 777 uiris,
479 703 607 777 fortune,
621 701 682 780 qui,
695 701 780 761 mode
802 702 916 762 duobus
935 701 1013 777 filiis,

80 802 158 859 eetere
169 807 194 858 et
202 799 334 873 Niunnere,
347 798 475 872 orbatus,
491 797 509 827 ¹⁴
518 817 584 856 enm
597 817 642 872 ee,
656 816 743 876 quem
755 797 898 876 reliquum
912 798 1014 856 enlnnn·

80 896 200 969 rsteeeret,
212 895 300 955 absens
313 893 423 952 elideret
443 909 566 953 eunsum.
628 893 734 972 Itaque
756 894 901 972 Annyntus
923 894 1015 973 Regis

79 999 147 1065 ¹aeter,
160 990 320 1049 inclinantem
329 989 367 1048 nd
380 989 606 1049 misericordium
618 990 783 1048 censionem
796 993 897 1050 rursus
911 993 1013 1068 repert

79 1087 202 1145 Philotan
213 1085 331 1144 erutione
344 1081 515 1144 eommlffil:
537 1089 554 1120 “
565 1084 704 1144 Proditus
717 1103 766 1144 eos
778 1104 840 1144 esse
853 1084 1012 1146 Barbarie:

79 1182 156 1240 ninem
168 1181 200 1240 td
211 1183 350 1259 eenjugem
363 1182 453 1255 suuni,
463 1180 607 1238 neminem
616 1180 649 1238 in
658 1180 781 1256 putrium
793 1187 823 1238 et
832 1180 870 1239 sd
879 1187 1013 1258 parentes

79 1297 109 1336 ese
127 1277 285 1336 rediturum:
297 1275 379 1335 velut
400 1282 535 1334 truneum
557 1293 670 1351 eorpus,
692 1274 807 1352 dempto
827 1277 929 1352 eapite,
950 1276 1013 1336 sine

78 1373 130 1446 itu,
144 1372 198 1430 sine
209 1370 322 1444 nurnine,
336 1369 367 1428 in
380 1369 476 1427 allent
489 1371 568 1428 ternu
582 1367 740 1428 ludibrium
759 1369 851 1428 hostis
870 1370 1012 1430 futures”

78 1466 262 1544 sudqunqunm
283 1482 335 1541 pro
358 1482 409 1540 spe
431 1463 533 1540 ipsius,
556 1463 696 1542 Arnyntae
717 1463 810 1522 oratio
830 1471 915 1542 grute
937 1465 1014 1545 Regi

78 1561 165 1638 ‚quud
177 1561 329 1638 conjugum,
344 1557 421 1637 qued
433 1558 537 1636 patries
556 1556 726 1632 admonitos,
739 1557 881 1636 pigriores
901 1559 940 1618 nd
960 1579 1013 1620 ees·

87 1655 178 1712 munia
189 1653 361 1732 exsequenda
373 1653 497 1712 lenisset.
540 1651 623 1712 Tune
638 1651 754 1727 Coenus,
768 1669 929 1732 quanquam
943 1654 1011 1714 Phi·

97 1767 213 1808 sorerem
232 1747 410 1806 matrimonio
430 1766 528 1808 seeum
552 1749 758 1824 conjunxerat3
791 1753 887 1806 umen
912 1749 1011 1810 serius

77 1865 90 1902 n
103 1845 246 1923 quisquam
259 1843 289 1901 in
302 1841 451 1902 Philotam
464 1843 598 1904 inventus
617 1849 672 1917 est,
697 1847 714 1877 “
725 1843 743 1872 ¹⁶
752 1843 927 1921 purrieidem
946 1864 1011 1905 esse

79 1957 100 2013 s,
125 1939 233 2017 pstriae,
257 1937 431 2012 exereitum
453 1938 622 1997 elumitsns:
642 1957 808 2016 saxumque,
834 1939 913 2018 qued
932 1940 1010 2000 lortel

85 2035 171 2110 pedes
191 2034 314 2110 jueebet,
329 2032 462 2109 arripuit,
485 2031 641 2092 emissurus
665 2032 697 2090 in
721 2051 804 2108 eum;
825 2040 860 2092 ut
880 2034 1010 2114 plerique

76 2129 152 2202 dere,
166 2127 317 2187 tormentis
331 2126 502 2188 subtrahere
515 2125 653 2203 cupiens:
674 2126 725 2186 sed
735 2126 803 2186 Rex
815 2147 932 2186 manum
945 2131 1011 2205 ejus

76 2224 127 2297 uit,
142 2227 159 2258 “
170 2222 299 2282 dieendae
311 2223 394 2299 prius
407 2240 502 2280 enneoe
510 2220 615 2280 debere
624 2221 686 2278 fieri
700 2227 874 2298 potestatem
887 2240 946 2298 reo,
958 2241 1011 2282 neu

81 2317 211 2394 judicari
223 2335 378 2394 passurum
391 2317 451 2392 se,’'
467 2315 616 2374 affirmans.
638 2315 715 2374 Tum
728 2314 824 2374 diesne
836 2320 936 2376 rursus
947 2335 1011 2394 per·

76 2432 88 2470 s
103 2412 253 2486 Philotas,
268 2411 331 2472 sive
344 2411 521 2472 eonscientit
542 2410 668 2486 seelerie,
683 2410 745 2472 sive
764 2410 886 2488 perieuli
902 2412 1010 2492 magni-

76 2528 81 2563 e
104 2525 210 2565 amens
232 2513 264 2566 et
285 2505 439 2580 attonitus,
453 2525 510 2566 uon
532 2505 666 2564 attollere
689 2505 797 2581 oeulos,
819 2525 877 2566 non
898 2506 1009 2568 hiscere

76 2608 109 2660 nt.
155 2600 315 2680 Luurymis
337 2600 442 2659 deinde
463 2599 658 2676 manentibus,
683 2599 831 2678 linquente
851 2600 955 2677 enimn,
976 2602 1009 2660 in

76 2717 134 2775 quo
143 2695 317 2771 tenebatur,
328 2695 460 2754 incubuit
472 2715 479 2756 :
494 2695 687 2774 abstersisque
697 2695 821 2754 umieulo
832 2697 896 2771 ejus
906 2697 1008 2772 oeulis,

76 2813 111 2850 m
140 2791 296 2868 recipiens
322 2791 458 2868 spiritum
484 2808 519 2848 ue
544 2809 653 2864 venem,
688 2786 829 2848 dieturus'
846 2789 1006 2852 videbatur.

77 2907 94 2943 e
110 2885 185 2944 Rex
199 2885 322 2944 intuens
336 2905 410 2960 eum,
431 2889 451 2920 “
461 2883 663 2959 Macedones,”
683 2883 788 2961 inquit,
812 2883 919 2942 “dete
929 2884 1008 2962 judi·

76 2987 170 3039 runt:
194 2998 311 3058 quaro,
324 2998 361 3038 an
373 2979 468 3056 patrio
483 2997 612 3038 sermone
625 2979 666 3037 sis
685 2976 762 3055 apud
783 2997 831 3038 ees
851 2981 1006 3042 usurus?”

76 3075 231 3135 'hilotusz
259 3078 277 3108 “
290 3074 403 3133 Praeter
424 3073 628 3147 Mueedouus‚”
650 3073 754 3152 inquit,
777 3074 936 3155 “plerique
957 3077 1006 3136 nd·

76 3192 125 3230 ros
151 3169 301 3244 facilius,
314 3187 380 3248 quae
401 3168 504 3242 elisum,
517 3175 702 3246 pereepturos
715 3169 850 3246 arbitror,
863 3171 889 3230 si
903 3172 1006 3232 eudem

76 3269 166 3326 ¹'uero
182 3285 277 3341 usus,
292 3269 352 3344 qut
366 3271 400 3323 tu
414 3263 518 3344 egisti:
539 3283 598 3323 non
611 3263 647 3324 ob
660 3264 747 3341 uliud,
762 3267 855 3335 eredo,
869 3267 958 3346 quiem
970 3276 1005 3326 ut

76 3381 113 3420 nn
129 3361 282 3442 intelligi
293 3366 393 3439 meret
406 3379 424 3418 e
432 3359 594 3437 pluribus’'
635 3359 712 3420 Tum
725 3361 810 3422 Rex:
833 3365 851 3396 “
864 3363 882 3392 ¹⁷
891 3359 1007 3438 Ecquid

76 3457 197 3516 18οάίο
225 3457 324 3516 etium
345 3454 485 3515 sermonis
497 3454 588 3532 patrii
600 3455 747 3516 Philotam
762 3454 880 3516 teneri?
920 3451 1007 3512 Solus

76 3551 201 3610 nstidit
218 3571 296 3610 eum
309 3550 413 3610 diuers.
436 3548 495 3610 sed
507 3549 586 3610 diunt
599 3554 677 3626 sune,
688 3558 844 3628 utcumque
858 3546 938 3604 eundi
951 3554 1005 3622 est,

76 3646 265 3720 nineritis,
281 3646 363 3724 oeque
377 3645 463 3706 illum
476 3666 494 3706 u
505 3653 606 3706 nestro
618 3664 698 3704 mere
712 3651 799 3720 utque
812 3657 942 3702 sermone
956 3639 1003 3702 ub·

76 3745 82 3773 e
137 3741 269 3819 Atque
282 3742 300 3770 ¹⁸
310 3741 352 3800 itu
364 3741 499 3800 eonuione
512 3739 647 3800 excessit

76 3840 111 3897 9.
144 3836 249 3896 Tum
274 3835 428 3896 Philotan:
460 3839 478 3870 “
491 3833 618 3908 Verba?
640 3830 744 3908 inquit,
767 3829 942 3892 “innoeenti
962 3850 1005 3892 re·
