2520 4390
210 365 250 422 64
560 373 706 422 aurant
728 373 870 414 ennnrr

210 537 327 578 anorum
339 521 502 594 nupturam.
538 515 558 544 ¹¹
566 511 698 574 hiultdrn
706 515 776 574 rard
788 512 861 574 mihi
873 518 1002 592 praeut,
1016 509 1043 590 si
1055 529 1105 570 nse
1118 509 1227 572 Marso

209 631 346 691 generum
359 609 518 689 proponis!
568 609 625 684 Ite,
639 610 774 668 nnndata
788 608 865 688 Regi
877 614 983 682 restro,
996 613 1027 665 et
1037 625 1108 684 qnae
1121 607 1225 680 amisit,

210 713 240 766 et
252 725 318 786 qua
330 706 424 766 adhue
433 705 530 780 habet,
539 703 656 783 praemia
666 721 727 762 essa
737 702 826 778 helli;
850 704 870 732 ²⁸
880 703 935 764 hoe
946 707 1062 780 regente
1076 700 1225 778 utriusqus

209 801 348 861 terminos
371 801 461 880 regni,
476 800 507 859 id
528 817 669 879 quemque
691 797 867 872 habiturum,
887 796 965 876 quod
986 794 1133 873 proximae
1157 795 1224 852 lueis

209 896 387 976 assignatnra
412 896 529 954 fortuna
550 894 623 952 est.”
674 891 778 970 Legati
799 891 990 968 respondent:
1020 891 1092 946 otim
1115 887 1223 948 bellun

209 990 240 1048 in
267 990 363 1048 animo
390 988 438 1064 sit,
461 989 556 1048 faeere
582 1005 648 1046 aum
671 986 868 1064 1⁹simplieitor
893 984 972 1064 qudd
995 985 1145 1062 spepaois
1172 1003 1223 1042 nou

208 1084 413 1144 frustraretur:
434 1083 511 1160 ipsos
524 1088 632 1160 potare,
645 1080 880 1160 quamprimum
901 1079 1087 1138 dimittantur
1108 1079 1150 1138 ad
1173 1081 1222 1140 Re

208 1197 289 1257 gem:
317 1197 383 1238 eum
404 1195 515 1256 queque
528 1177 636 1239 bellum
652 1195 753 1254 parare
776 1175 888 1236 debore.
929 1174 1051 1235 Dimissi
1071 1174 1221 1247 nunciant,

207 1273 309 1334 adesse
322 1280 471 1335 onumen

268 1369 344 1430 XIL
367 1373 413 1430 46.
434 1369 493 1430 Ille
524 1367 642 1448 quidem
669 1367 822 1426 oonfeathn
855 1365 998 1428 Mazaeum
1029 1383 1098 1424 oum
1132 1365 1221 1424 tribus

207 1466 337 1527 millibus
358 1466 495 1544 equitum,
508 1465 546 1524 ad
562 1463 677 1538 itinera,
691 1482 756 1540 quaa
776 1461 870 1520 hostis
882 1461 1028 1538 petiturus
1049 1467 1131 1536 erat,
1146 1479 1219 1520 onsu-

208 1654 288 1728 lutis‚
303 1653 435 1730 omnique
450 1655 458 1682 ¹
468 1652 600 1731 graviore
611 1651 749 1712 wmitatu
761 1651 841 1710 intra
853 1649 954 1712 eadem
966 1649 1150 1711 munimenta
1161 1671 1219 1710 eun

208 1747 319 1806 medion
331 1746 466 1824 praesidio
478 1747 590 1820 relicto,
601 1747 642 1806 ad
662 1746 776 1808 hostem
795 1745 951 1806 oontendit
991 1745 1030 1806 In
1043 1744 1103 1804 dno
1116 1765 1220 1808 aeruna

209 1842 348 1902 diviserat
360 1841 495 1919 peditem,
509 1841 651 1920 utriunque
671 1842 764 1902 latera
778 1841 874 1922 equite
887 1841 1082 1902 ohenmdate:
1103 1841 1220 1919 impedi-

208 1945 307 1996 menta
337 1936 528 2016 sequebantur
559 1957 670 2016 aganen.
723 1937 911 1998 Promissum
944 1935 1047 1996 deinde
1081 1936 1220 1996 'oonoitis

209 2033 290 2111 equis
311 2033 459 2094 Menidam
483 2033 566 2110 jubet
592 2033 749 2110 explorare,
767 2033 817 2094 ubi
839 2032 945 2092 Darius
965 2039 1050 2092 esset.
1092 2032 1143 2094 Aa
1163 2034 1218 2107 illa,

208 2130 276 2188 adm
298 2129 422 2188 Mazaeus
445 2127 523 2188 haud
545 2127 646 2205 proonl
666 2127 849 2201 eomedisset,
870 2145 926 2185 non
947 2144 1034 2188 ansus
1052 2125 1136 2184 nltrd
1160 2147 1220 2206 pro·

208 2226 318 2300 sedere,
345 2224 419 2284 nihil
445 2223 526 2283 alind
552 2225 640 2302 qoam
665 2223 815 2282 fremitum
840 2221 996 2297 hominnm,
1018 2220 1219 2301 hinnitumque

207 2341 344 2401 equorum
358 2321 510 2380 exaudisse
529 2319 656 2380 nnnoiat
696 2318 823 2378 Marsus
843 2335 964 2396 quoque,
984 2318 1148 2393 oonspeetia
1160 2338 1219 2398 pro

206 2417 253 2473 aul
265 2416 504 2492 exploratoribus,
517 2415 549 2472 in
562 2421 658 2472 eastra
677 2432 707 2472 se
726 2412 837 2489 resipit,
852 2411 997 2472 adventis
1009 2410 1142 2470 hostiurn
1153 2433 1219 2472 nnn

207 2509 276 2567 eins
318 2508 414 2586 Igitur
428 2507 544 2580 Darius,
558 2507 607 2583 qui
628 2507 661 2564 in
672 2506 842 2582 patentibus
855 2505 962 2586 eampis
974 2504 1129 2566 deseruere
1144 2515 1219 2585 opta-

206 2604 265 2677 bat,
279 2603 385 2661 armari
405 2601 527 2660 militem
545 2601 638 2676 jubet,
652 2602 796 2680 aciemque
816 2602 949 2679 disponit.
991 2600 1119 2662 I-niaevo
1134 2621 1220 2662 eornn

134 2737 142 2752 κ
207 2699 356 2760 Bactriani
384 2697 465 2758 ibant
492 2696 612 2774 equites,
635 2696 734 2755 ³mille
761 2697 932 2774 admoddnr3
958 2695 1051 2756 Dahae
1077 2699 1218 2774 totidem,

205 2803 236 2854 at
268 2793 431 2868 Arachosii,
459 2790 628 2869 Susianique
661 2798 785 2870 quatuor
817 2792 910 2852 miliia
935 2793 1097 2870 expiabant
1157 2795 1220 2854 Hos

203 2898 321 2950 osutnrn
353 2887 453 2948 faloati
485 2905 587 2946 eunus
618 2887 818 2965 sequebantur.
880 2888 1036 2948 Proximus
1068 2890 1220 2969 quadrigis

204 2992 268 3044 erat
294 2985 403 3044 Bessus
429 3003 494 3042 eam
525 2989 589 3042 orto
617 2982 747 3042 millibus
774 2982 914 3060 equitum,
943 2982 1016 3042 item
1041 2982 1218 3046 Baetriania

206 3079 378 3158 Massagetae
400 3078 512 3138 dnobus
538 3077 667 3138 millibus
693 3077 816 3156 *agmen
843 3079 907 3154 ejas
939 3077 1128 3138 olandehant:
1153 3082 1220 3157 ’pe-

205 3175 281 3233 dites
312 3174 358 3232 his
388 3171 515 3250 plurium
547 3173 676 3251 gentium
696 3191 755 3232 non
781 3172 938 3249 immixtos,
968 3173 1020 3232 aed
1052 3191 1114 3233 suoe
1143 3179 1219 3254 quis·

204 3289 259 3349 que
284 3267 408 3328 nationis
433 3268 574 3344 junxerat
593 3267 701 3346 oopias
743 3267 850 3328 Persas
876 3267 981 3328 deinde
1007 3287 1072 3326 anm
1092 3267 1221 3344 Mardis,

204 3363 420 3444 Sogdianisque,
434 3362 645 3423 Ariobarzanes
664 3371 696 3422 et
710 3361 852 3425 Otobates
871 3362 1019 3424 duoebaat
1061 3362 1114 3422 Illi
1128 3366 1221 3441 parti·

204 3462 257 3526 bns
270 3459 575 3538 eopiarum31uramae
588 3457 710 3520 Orsines
719 3465 876 3536 praestata
886 3465 996 3536 septam
1008 3457 1108 3517 Parsis
1121 3460 1221 3520 oriun-

203 3557 267 3631 dos,
300 3555 338 3616 ad
365 3553 474 3633 Oyruan
500 3573 612 3634 quoque
636 3553 846 3616 nobilissimam
877 3571 976 3633 regem
1001 3552 1146 3632 originem
1175 3573 1222 3614 aar

203 3653 335 3712 referens
390 3649 454 3710 Hos
479 3650 545 3710 aliae
576 3656 686 3727 gentes,
711 3667 750 3706 ne
775 3647 862 3708 soohs
887 3648 1004 3726 quidam
1031 3647 1104 3707 satis
1130 3657 1222 3722 nom,

203 3747 402 3822 sequebantur.
451 3745 526 3804 Post
547 3761 619 3822 quas
642 3743 849 3821 quinquaginta
871 3743 1025 3822 quadrigas
1051 3741 1223 3804 Phradates

204 3859 306 3918 magno
330 3839 536 3916 Oaspimorum
563 3838 677 3917 agmine
703 3837 895 3898 anteoedabat
957 3838 1035 3914 Indi,
1061 3838 1223 3918 aeternae
