2642 4386
212 327 269 388 158
556 338 698 392 ourrrr
727 338 868 380 ounrrr

209 483 330 544 domum.
373 477 496 541 Osterio
505 477 611 559 gratie
622 485 703 554 mre,
716 477 793 558 qudd
806 477 845 538 ud
857 475 972 557 relique
985 476 1073 539 belli
1090 483 1257 538 navaturos

208 597 323 656 operum
336 574 555 654 pollicebentur.

268 675 316 732 21.
338 671 515 730 Perventum
536 675 599 730 eret
625 668 657 728 iu
683 667 835 746 parvulum
862 666 1026 745 oppidnm;
1070 665 1255 728 Branchidae

208 767 272 844 ejus
295 765 398 826 incolae
424 772 514 827 erent
557 764 663 824 Mileto
689 762 833 843 qnondam
857 764 941 839 jussu
970 762 1114 838 Xerxis,
1143 765 1251 822 crime

208 859 325 922 Graeoit
343 860 462 934 rediret,
484 857 670 933 transierunt,
692 864 723 916 et
743 857 774 916 in
788 861 823 916 et
838 855 906 916 rede
926 857 1166 924 constiterant:
1188 857 1249 935 quir

208 956 355 1034 templum,
368 954 446 1033 qndd
458 952 622 1030 Didymeon
635 951 807 1030 appellatur,
820 951 851 1010 in
864 950 987 1030 gratiam
1009 951 1143 1012 Xerxis
1166 951 1246 1010 violr·

208 1055 316 1110 verant
359 1049 458 1108 Mores
471 1046 559 1124 patrii
572 1045 698 1106 nondum
712 1045 911 1122 exoleverunt3
933 1045 986 1104 sed
1002 1047 1074 1122 jam
1100 1047 1244 1125 bilingues

209 1151 300 1218 erant,
324 1145 341 1172 ¹⁹
352 1142 536 1220 paulatimr
569 1141 725 1204 domestico
753 1150 873 1202 externo
900 1159 1033 1200 sermone
1072 1141 1241 1222 degeneres

209 1239 316 1318 Msgno
329 1238 419 1308 igitur
432 1237 539 1317 gaudio
558 1237 671 1314 Regem
692 1236 847 1314 excipiunt,
860 1236 959 1298 urbem
973 1255 1065 1315 seque
1090 1237 1240 1296 dedentes

209 1332 267 1394 Ille
291 1333 432 1408 Milesios,
455 1334 506 1412 qui
532 1332 608 1410 apud
636 1332 734 1410 ipsum
759 1331 931 1406 militarent,
958 1332 1123 1390 convocari
1149 1332 1238 1410 jubet

210 1432 306 1492 Vetus
319 1431 416 1492 odium
429 1431 540 1492 Milesii
554 1429 733 1510 gerebantin
741 1427 969 1492 Branchidarum
979 1435 1114 1508 gentem.
1139 1431 1164 1460 ²⁰
1173 1430 1237 1490 Pro

211 1527 282 1586 dih's
305 1529 382 1606 ergo,
406 1525 468 1586 sive
491 1525 615 1602 injurie,
642 1524 703 1584 sire
727 1524 746 1554 ²¹
758 1523 893 1602 originis·
907 1523 1076 1590 meminisse
1107 1525 1236 1596 mallent

210 1621 336 1682 liberum
349 1622 385 1680 de
395 1620 571 1680 Branchidis
578 1618 725 1697 permittit
735 1617 896 1681 arbitrium.
910 1618 1122 1680 'Variantibus
1132 1619 1236 1683 deinde

211 1715 370 1790 sententiis,
386 1715 514 1791 seipsum
527 1714 782 1786 consideraturum,
796 1713 867 1792 quid
880 1712 1021 1791 optimum
1041 1713 1130 1774 lectu
1152 1721 1235 1787 esset

210 1809 346 1870 ostendit
388 1810 410 1838 ¹²
422 1809 543 1868 Postero
558 1807 606 1868 die
619 1809 836 1878 evomentibus
856 1807 1030 1868 Branchidis
1051 1827 1156 1868 secum
1176 1829 1235 1888 pro

211 1903 310 1964 cedere
321 1903 413 1981 jubet
455 1902 588 1982 (irimque
608 1903 646 1961 cd
659 1902 762 1964 urbem
782 1911 902 1964 ventum
915 1910 1001 1978 esset,
1015 1902 1078 1981 ipse
1101 1924 1173 1966 curn
1193 1925 1234 1964 ex·

210 1999 311 2078 pedite
325 2018 412 2058 manu
432 2005 545 2077 portam
559 1998 657 2058 intrat
700 1997 834 2058 Phalanx
846 1998 952 2058 numnis
964 1998 1064 2079 oppidi
1078 1999 1234 2060 circumire

90 2122 93 2128 ·
217 2097 308 2173 jussu,
322 2102 352 2155 et
366 2094 434 2154 dato
448 2094 531 2174 signo
545 2093 674 2172 diripere
686 2093 797 2168 urbem,
810 2093 994 2171 proditorum
1007 2096 1231 2172 meepiffllfflr

212 2192 345 2272 ipsosque
359 2190 396 2251 od
415 2209 506 2252 unum
526 2187 644 2250 cadere
686 2187 739 2248 Illi
758 2187 882 2248 inermes
902 2188 1009 2267 passim
1029 2189 1230 2266 trucidantnr;

211 2307 264 2348 nee
277 2295 329 2348 aut
342 2286 510 2346 commercio
524 2285 641 2365 lingue,
654 2291 706 2344 aut
719 2283 891 2361 supplicium
905 2283 1075 2346 velamentis
1086 2287 1232 2363 precibus·

211 2403 267 2462 que
288 2383 413 2442 inhiberi
436 2381 590 2440 crudelitas
611 2387 726 2458 potest:
750 2379 876 2456 tandem,
889 2379 1113 2458 utdejioerent,
1135 2383 1232 2442 funda-

212 2483 309 2536 menta
330 2495 478 2534 murorum
498 2475 535 2536 ab
558 2476 616 2534 imo
637 2475 805 2550 moliuntur,
825 2475 959 2554 nequod
978 2475 1232 2558 urbisvestigiun

213 2577 347 2630 exstaret
371 2567 400 2627 N
402 2587 497 2628 emere
510 2569 646 2646 lucosque
660 2587 756 2629 saeros
769 2589 827 2630 non
839 2571 955 2632 caedunt
967 2572 1065 2647 modo,
1078 2573 1133 2632 sed
1146 2574 1231 2634 etium

213 2665 368 2743 extirpant,
388 2669 422 2722 ut
443 2670 527 2724 vesta
547 2663 671 2724 solitudo
692 2671 723 2722 et
742 2666 851 2726 sterilis
870 2665 987 2742 brunus,
1000 2668 1133 2730 excussis
1146 2669 1232 2732 etiem

213 2761 369 2837 radicibus,
383 2759 577 2839 linqueretur:
597 2778 664 2838 quea
677 2759 748 2820 siin
761 2760 840 2840 ipsos
852 2762 1026 2839 proditionis
1037 2771 1175 2826 auctores
1188 2785 1231 2825 ex·

213 2859 343 2939 cogitata
365 2863 472 2932 essent,
497 2851 578 2934 justa
603 2855 677 2916 ultio
704 2875 777 2932 esse,
801 2875 859 2916 non
891 2857 1047 2936 crudelitas
1073 2859 1230 2922 rideretun

215 2955 301 3016 Nunc
322 2954 436 3032 culpem
456 2955 599 3030 majorum
615 2951 726 3030 posteri
748 2951 836 3027 luere,
849 2952 899 3032 qni
918 2953 1100 3014 neriderent
1116 2957 1231 3036 quidem

215 3047 351 3107 Miletum
361 3065 369 3123 ;
391 3047 410 3076 ¹⁸
420 3047 492 3106 oded
506 3046 601 3106 Xerxi
612 3065 670 3108 non
682 3053 837 3124 potuerant
849 3047 980 3126 prodere.

274 3145 321 3202 22
342 3141 418 3202 Inde
431 3141 571 3219 prooessit
583 3142 621 3202 ad
635 3142 759 3202 Tanaim
771 3161 902 3204 amnem
933 3142 999 3215 Quo
1019 3145 1180 3223 perductus
1191 3153 1231 3206 est

215 3237 333 3312 Bessus,
347 3255 405 3296 non
418 3237 534 3298 vinctus
546 3237 643 3314 modo,
655 3237 710 3308 sed
722 3237 813 3298 etium
825 3239 846 3268 ²⁴
858 3239 938 3300 omni
950 3239 1116 3302 velamento
1137 3261 1230 3320 corpo

214 3331 256 3392 ris
269 3331 417 3410 spoliatus.
460 3331 640 3410 Spitemenes
663 3352 735 3392 eum.
749 3333 878 3409 tenebat,
900 3323 1012 3396 inserte
1032 3335 1229 3410 collocarent,

214 3435 275 3488 tem
288 3427 427 3490 Barbarie
440 3448 527 3507 quem
550 3427 759 3490 Macedonibus
776 3435 893 3510 gratum
912 3429 1117 3508 spectacrdum.
1161 3433 1229 3493 lun

215 3523 405 3602 Spitamenes,
427 3527 444 3560 “
455 3524 497 3583 Et
510 3524 566 3600 te,”
581 3524 687 3602 inquit,
702 3527 719 3559 “
734 3532 765 3584 et
779 3523 918 3602 Durium,-
929 3525 1027 3606 Reges
1039 3545 1131 3586 ‚meos
1143 3528 1227 3602 ultus,

215 3619 430 3680 interfectorem
444 3619 555 3679 domini
575 3617 622 3678 sni
635 3618 753 3694 adduxi,
768 3639 801 3680 eo
822 3620 910 3680 modo
929 3629 1054 3699 ceptum,
1067 3625 1154 3700 cnjus
1174 3624 1228 3703 ipre

215 3712 286 3772 fecit
298 3714 466 3791 exemplum
508 3713 528 3742 ²⁵
538 3713 662 3791 Aperiat
676 3713 714 3772 ad
727 3713 781 3774 boc
793 3714 993 3793 spectaculum
1004 3716 1104 3776 oculos
1119 3717 1226 3778 Darius

217 3805 336 3865 Existat
349 3809 385 3867 ob
398 3808 507 3884 inieris,
520 3809 571 3887 qui
584 3807 635 3866 illo
649 3809 786 3887 supplicio
800 3809 935 3889 indignus
946 3811 1013 3886 init,
1025 3819 1055 3870 et
1065 3810 1121 3872 hoc
1131 3812 1227 3873 solatio
