2520 4390
189 365 230 426 90
504 411 507 420 ,
540 379 680 430 curram
708 377 849 420 ouarrr

190 523 241 584 vix
265 517 388 599 singulis
411 517 534 598 pervios,
548 519 645 578 omnia
668 515 782 596 contegi
805 513 968 589 frondibus,
983 513 1222 594 'inplexosque

190 616 326 674 arborum
339 633 434 673 ramos
449 614 545 692 sylvas
559 614 749 672 committere.
791 611 821 671 N
823 630 925 689 amque
946 609 1050 668 Persis
1064 609 1109 669 ab
1124 609 1220 668 altero

190 709 282 768 latere
295 709 445 787 perpetuis
458 709 600 768 montium
618 709 699 786 jugie
723 705 880 780 clauditur,
895 703 993 784 'quod
1003 704 1037 762 in
1050 703 1219 784 longitudi-

190 823 257 864 nem
281 824 343 864 unc
368 803 472 878 stadia,
494 804 524 862 in
547 803 734 862 latitudinem
758 820 837 861 caxx
856 799 1010 878 procurrit.
1056 798 1135 858 Hoc
1157 798 1218 856 dor·

191 919 255 958 sum
269 919 286 958 a
302 897 430 959 Oaucaso
444 904 543 958 monto
568 897 606 956 ad
629 896 770 956 ⁴rubru1u
795 895 879 954 Mare
902 893 1049 970 pertinet:
1072 892 1217 972 ‘quincue

191 994 289 1052 deficit
302 1011 392 1066 mons,
408 991 488 1050 aliud
502 991 720 1064 munimentum,
730 991 839 1048 fretum
853 989 998 1066 objectum
1012 993 1066 1046 cst
1119 987 1215 1046 Plani·

191 1087 248 1146 ties
275 1085 380 1146 deinde
408 1085 463 1145 sub
495 1084 644 1145 radicibus
671 1085 814 1144 montium
847 1083 976 1162 spatiosa
1001 1081 1201 1159 “procumbit

191 1181 298 1242 fertilis
312 1188 399 1255 terra,
414 1180 573 1260 multisque
586 1181 658 1242 vicis
672 1187 759 1260 atque
772 1179 895 1240 urbibus
908 1179 1055 1256 frequens.
1095 1179 1215 1236 mares

191 1277 283 1338 amnis
297 1297 348 1356 per
361 1277 413 1336 hos
432 1295 547 1354 campos
571 1275 730 1336 multorum
744 1293 832 1354 aquas
853 1274 1024 1332 torrentium
1047 1272 1170 1332 evolvit
1189 1271 1215 1328 in

193 1373 322 1434 Medum.
366 1373 474 1434 Medus
498 1373 535 1432 ad
556 1392 645 1446 marc,
667 1371 819 1430 meridiem
845 1370 959 1443 vcrsds,
980 1367 1098 1428 'minor
1123 1368 1214 1427 amnis

192 1489 226 1530 oo
250 1491 337 1550 quem
361 1469 481 1546 accepit,
506 1468 657 1543 evehitur3
687 1465 898 1545 gignendaequc
921 1463 1019 1525 herbae
1046 1482 1113 1522 uon
1143 1465 1213 1524 alius

193 1572 239 1624 est
260 1565 363 1642 aptior,
389 1563 531 1643 quidquid
550 1563 646 1638 alluit,
666 1562 786 1620 floribus
806 1561 943 1621 vestiens.
994 1558 1124 1618 Platani
1150 1579 1212 1638 quo

185 1677 248 1736 ‚que
262 1665 292 1716 ct
313 1659 413 1735 populi
434 1665 593 1735 contegunt
605 1657 694 1734 ripas,
708 1657 771 1715 'ira
785 1663 820 1715 ut
842 1654 945 1734 procul
958 1653 1133 1714 visentibus
1154 1675 1211 1713 con·

192 1753 306 1810 tinuata
318 1752 473 1811 videantur
485 1751 633 1810 montibus
655 1770 774 1810 nemora
795 1751 932 1828 riparum
976 1747 1095 1827 Quippe
1113 1749 1211 1810 obum-

193 1847 294 1908 bratus
309 1846 409 1921 amois,
425 1863 524 1924 presso
539 1845 570 1904 in
593 1845 687 1906 solum
709 1847 851 1906 dilabitur
873 1845 975 1904 alveo:
995 1844 1211 1924 inminentque

152 1971 156 1976 ·
193 1941 291 2015 colles,
318 1941 374 2019 ipsi
401 1960 514 2020 quoque
541 1940 694 2000 frondibus
721 1940 791 2015 laeti,
819 1940 931 2000 radices
959 1958 1063 1998 corum
1083 1939 1207 2000 humore

194 2037 343 2097 subeunte.
397 2036 491 2114 Regio
515 2037 591 2095 'nou
616 2036 674 2095 alia
701 2039 765 2094 tota
794 2035 870 2094 Asia
898 2034 1042 2096 salubrior
1062 2033 1207 2094 habetur:

193 2139 336 2211 temperat
349 2131 453 2192 coslum
466 2132 533 2192 hinc
547 2138 720 2210 perpetuum
731 2132 835 2208 jugum
848 2148 969 2209 opacum
983 2135 1013 2188 ct
1026 2129 1206 2202 umbrosum,

193 2229 271 2310 quod
284 2237 374 2290 aestus
388 2229 481 2305 leret3
505 2229 585 2288 illinc
598 2247 677 2288 mare
691 2227 870 2304 adjunctum,
885 2225 963 2306 quod
976 2224 1093 2285 modico
1107 2232 1207 2305 tepore

194 2326 382 2386 terrasfovet.

257 2423 300 2478 14.
325 2420 383 2478 His
404 2419 536 2495 captivus
557 2418 697 2494 expositis
719 2417 915 2496 interrogatus
929 2435 947 2474 a
961 2415 1052 2494 Rege,
1065 2415 1206 2476 auditune

194 2511 336 2571 onaculis
350 2518 498 2588 comperta
520 2489 730 2590 haberetque
752 2512 881 2576 diceret:
902 2518 1048 2589 pastorem
1061 2530 1094 2570 se
1108 2511 1204 2586 fuisse,

195 2613 226 2666 et
239 2623 337 2665 omnes
352 2625 401 2664 ecs
416 2605 504 2663 calles
525 2607 701 2683 percurrisse
721 2607 889 2686 respondit3
911 2606 957 2668 bis
977 2613 1104 2686 captum,
1118 2607 1206 2667 semel

195 2701 326 2762 aPersis
350 2702 381 2761 in
404 2700 506 2780 Lycia,
520 2701 627 2760 iterum
649 2701 685 2762 ab
706 2703 778 2780 ipso.
820 2701 907 2764 Subit
921 2701 1048 2762 animum
1067 2705 1206 2762 memoria

196 2800 289 2879 Regis
314 2797 430 2860 oraculo
456 2795 545 2856 editas
567 2797 663 2856 sortis.
715 2797 830 2876 Quippe
852 2797 1013 2858 consulenti
1036 2817 1205 2876 responsum

197 2903 269 2970 orat,
293 2896 395 2956 dnoem
417 2895 448 2954 in
471 2891 624 2953 Persidem
646 2893 766 2953 ferentis
793 2894 850 2954 viae
874 2893 997 2971 Lycium
1020 2893 1116 2954 civem
1136 2895 1204 2954 fore

197 2991 216 3018 ¹⁰
225 2989 323 3066 Igitur
344 2989 503 3067 promissis,
531 2995 640 3068 quanta
666 2995 697 3046 et
721 2992 851 3066 praesens
876 2987 1033 3047 necessitas
1062 2989 1205 3068 exigebat,

196 3091 226 3142 et
252 3084 345 3159 ipsius
369 3085 488 3142 fortuna
515 3083 656 3161 capiebat,
679 3089 840 3157 oneratum,
868 3083 976 3142 armari
999 3082 1086 3160 jubet
1114 3083 1206 3144 Maca-

196 3179 304 3236 donum
317 3197 413 3236 more:
435 3184 474 3251 et,
488 3177 566 3256 quod
579 3179 653 3238 bend
667 3183 804 3253 verteret,
815 3184 975 3236 monstrare
989 3177 1060 3255 iter3
1075 3181 1206 3258 quamvis

196 3273 319 3332 arduum
333 3279 364 3330 et
376 3291 513 3350 praeceps,
529 3291 682 3333 armorum
696 3291 726 3332 sa
741 3292 804 3334 esse
825 3291 891 3332 cnm
911 3273 1031 3354 paucis:
1052 3274 1112 3332 uisi
1131 3276 1206 3336 sorte

196 3368 337 3441 crederet,
351 3369 408 3446 qud
422 3367 485 3444 ipse
498 3368 610 3444 pecoris
625 3370 711 3427 causi
731 3372 814 3443 isset,
829 3368 1032 3428 Alexandrum
1045 3387 1099 3447 pro
1113 3370 1206 3450 glorit

197 3473 229 3525 et
240 3465 381 3543 perpetua
395 3461 482 3521 laude
496 3462 538 3520 iro
552 3481 610 3520 non
623 3482 716 3540 posse.
759 3463 860 3522 Etiam
883 3471 971 3542 atque
990 3464 1081 3523 ctiam
1105 3465 1205 3526 docem

197 3561 338 3640 captivus,
361 3559 451 3638 quam
478 3556 595 3615 difficile
621 3558 679 3616 iter
705 3565 791 3634 esset,
816 3558 940 3616 maxime
964 3559 1090 3620 munaus
1133 3561 1205 3620 Turn

198 3655 281 3715 Rex:
303 3654 467 3715 “Praedam
490 3653 564 3726 mc,”
588 3651 694 3731 inquit,
719 3653 848 3731 “accipe,
873 3654 1016 3712 neminem
1040 3673 1139 3716 eorum
1157 3657 1205 3736 qni

200 3758 368 3827 sequuntur,
382 3755 583 3809 recusaturum
597 3746 640 3805 ire
653 3751 712 3826 qud
727 3748 843 3808 duces.’'
885 3749 904 3778 ¹¹
917 3746 1037 3808 Cratero
1055 3749 1156 3829 igitur,
1171 3751 1206 3810 ad

198 3842 359 3904 custodiam
374 3850 536 3904 castrorum
556 3841 668 3917 relicto,
683 3861 748 3902 cum
761 3841 910 3919 peditibus
929 3842 1013 3922 queis
1033 3851 1204 3922 assueverat,
