2600 4394
166 319 208 376 st
515 333 654 383 uulurr
680 333 822 374 curru

168 479 320 553 pm,
343 447 590 532 retentatam
610 471 759 550 urumque
779 473 856 548 jura
874 471 1003 532 vuum
1023 471 1184 534 reseratae

170 567 290 644 Illyrios
303 567 372 626 verb
385 573 416 624 et
431 566 568 641 Thracas,
579 573 663 644 rapto
676 567 773 626 virere
785 575 925 641 assumor,
936 568 1027 626 aciem
1040 568 1185 643 bostium,

169 682 239 722 auro
258 666 445 741 purpuraque
464 661 625 740 fulgentem
648 663 757 722 intueri
777 663 909 738 jubebat,
934 663 1100 740 ¹⁰prsedum,
1120 683 1186 722 non

169 777 250 816 arma
269 764 437 836 gestantem
480 757 572 831 Ireut‚
587 765 618 816 et
638 757 804 816 imbellibus
825 758 951 816 foeminis
973 778 1076 816 aurum
1091 760 1110 786 ¹¹
1120 759 1183 835 viri
1279 771 1280 832 t

170 853 321 930 eriperent
362 853 479 930 Aspera
491 854 632 912 montium
649 872 768 912 suorum
785 855 866 931 juga,
879 853 1030 932 nudosque
1043 853 1134 912 colles
1150 861 1185 912 et
1279 857 1280 878 ¹

169 955 310 1026 perpetuo
338 948 467 1025 rigentes
493 947 570 1026 gelu,
595 947 706 1007 ditibus
730 947 888 1006 Persarum
911 949 1020 1026 eampis
1043 949 1184 1028 agrisque

171 1043 191 1071 ¹¹
201 1050 357 1102 mutarent.

230 1139 289 1198 XI.
312 1143 359 1196 25.
382 1138 406 1197 J
406 1159 453 1196 am
467 1139 476 1167 ¹
488 1138 525 1196 ad
539 1138 593 1196 teli
602 1141 714 1215 jactum
726 1145 924 1216 pervenerant,
938 1140 1006 1198 edm
1021 1139 1184 1198 Persarum
1277 1183 1278 1186 η

171 1236 285 1314 equites
293 1235 429 1294 ferociter
437 1235 467 1292 iu
476 1235 582 1294 laerum
590 1235 931 1294 cornuhostiuminrecti
939 1243 1015 1294 suut.
1046 1233 1183 1312 'Quippe

173 1331 283 1391 Darius
296 1331 426 1410 equestri
440 1330 542 1407 praelio
554 1329 708 1388 decernere
721 1329 849 1407 optabat,
863 1329 1033 1407 phalangem
1047 1330 1182 1389 Macedo-

170 1427 230 1486 nici
243 1428 389 1486 exercitiis
402 1427 491 1486 robur
504 1445 567 1486 esse
581 1410 754 1502 conjectans
797 1425 924 1504 Jamque
943 1426 1031 1484 etiarn
1044 1425 1181 1484 dextrum

173 1523 339 1582 Alexandri
352 1541 443 1580 ooruu
458 1521 681 1580 circumibatur:
701 1521 780 1598 quod
801 1520 853 1579 ubi
876 1521 999 1580 Macedo
1020 1521 1181 1598 conspexit,

173 1618 306 1676 'duabus
320 1617 375 1674 alis
389 1616 520 1692 equitnm
534 1616 572 1672 ad
582 1619 686 1692 jugum
699 1615 806 1672 montis
817 1616 907 1692 jussis
921 1617 1088 1690 subsistere,
1099 1624 1180 1674 carte·
1249 1599 1260 1677 ⁴.
1277 1679 1278 1684 .

174 1731 222 1770 ros
238 1711 269 1768 in
282 1710 410 1768 medium
432 1709 503 1768 belli
525 1709 679 1768 discrimen
701 1711 818 1767 strenud
832 1709 979 1768 transfert.
1022 1710 1180 1770 Subductis
1257 1735 1278 1758 ν

174 1806 281 1864 deinde
295 1824 332 1862 ex
346 1805 405 1862 acie
429 1803 578 1862 Thessalis
602 1804 755 1882 equitibus.
798 1804 975 1864 Praefectum
999 1825 1098 1865 eorum
1118 1807 1179 1864 ⁴oc·

173 1901 252 1960 cultd
264 1899 415 1960 circumire
425 1907 539 1976 tergum
550 1919 668 1958 suorum
679 1900 772 1976 jubet,
784 1900 1024 1980 Parmenionique
1035 1901 1179 1993 epnjungi,

173 2003 204 2054 et
226 1996 304 2075 quod
325 1995 352 2054 is
373 1995 553 2072 impertsset,
567 1995 690 2072 impigre
711 1995 822 2074 exequi.
865 1995 992 2074 Jamque
1013 1997 1069 2074 ipsi
1082 1997 1112 2054 iu
1125 2015 1180 2054 me

174 2093 255 2152 dium
269 2091 426 2150 Persarum
440 2091 567 2170 undique
581 2091 749 2150 circumfusi
762 2091 877 2170 egregie
891 2111 922 2151 se
935 2093 1108 2154 tuebantur:
1129 2091 1180 2151 sed
1268 2095 1273 2110 '

173 2189 310 2263 conserti,
322 2195 353 2247 et
366 2187 450 2266 quasi
463 2187 650 2262 cohaerentes‚
662 2187 723 2246 tela
735 2187 849 2248 vibrare
863 2207 920 2246 non
934 2196 1075 2265 poteraut.
1118 2185 1179 2246 ‘si-

173 2285 235 2344 mul
249 2293 332 2346 erant
353 2285 464 2359 emisse,
479 2285 531 2342 ‘in
543 2283 660 2343 eosdem
673 2284 875 2342 concurrentia
898 2284 1129 2361 implicabantur,
1143 2281 1179 2340 le·

174 2381 260 2458 vique
275 2389 305 2438 et
318 2399 393 2438 rano
406 2381 469 2438 ictu
482 2399 573 2454 panea
591 2380 622 2436 in
643 2379 765 2452 hostem,
779 2380 865 2454 plura
878 2379 909 2435 in
923 2379 1042 2436 humum
1064 2377 1180 2436 innoxia

174 2475 325 2532 cadebant.
369 2473 449 2548 Ergo
473 2473 605 2530 comintis
624 2491 751 2548 pugnam
775 2472 867 2529 coacti
891 2491 1048 2544 conserere,
1069 2473 1180 2548 gladios

174 2568 297 2646 impigre
312 2567 467 2642 stringunt.
510 2566 585 2623 Tum
599 2567 669 2623 verb
690 2565 817 2622 multum
839 2565 986 2640 sanguinis
1006 2565 1104 2624 fusum
1117 2573 1179 2625 est:

175 2664 241 2724 duae
264 2661 370 2742 quippe
393 2661 469 2718 acies
492 2659 534 2716 ita
558 2658 749 2733 cohaerebant,
763 2665 798 2716 ut
812 2659 899 2716 armis
923 2678 1003 2718 arma
1023 2660 1179 2738 pulsarent,

176 2761 347 2818 'mucrones
362 2755 391 2814 in
407 2775 457 2814 ora
478 2754 654 2832 dirigerent:
676 2772 733 2812 non
747 2753 861 2827 timido,
874 2773 932 2811 uon
945 2754 1048 2831 ignavo
1070 2775 1180 2816 cessare

178 2862 240 2914 tum
254 2853 354 2912 licuit:
377 2851 500 2910 ‘collato
514 2849 596 2926 pede,
610 2849 694 2926 quasi
708 2849 814 2926 singuli
828 2850 903 2908 iuter
917 2869 947 2908 se
962 2850 1140 2924 dimicarent,
1151 2852 1180 2910 iu

179 2949 281 3008 eodem
294 2947 417 3024 vestigio
440 2945 566 3018 stabant,
580 2943 671 3002 donec
688 2945 829 3004 vincendo
851 2945 946 3004 locum
969 2947 1025 3007 sibi
1046 2932 1178 3006 fecerent

177 3044 252 3103 Tum
268 3044 382 3102 demum
396 3061 464 3120 ergo
479 3039 686 3118 promovebant
698 3041 829 3120 gradum,
844 3043 912 3100 edm
933 3041 1046 3102 hostem
1059 3051 1179 3120 prostro·

175 3147 285 3199 verant.
329 3139 373 3198 At
386 3137 454 3196 illos
467 3155 559 3196 novus
574 3136 737 3214 excipiebat
757 3137 941 3198 adversarius
954 3139 1109 3217 fatigatos:
1129 3157 1180 3200 nec
1214 3181 1221 3192 .

176 3233 329 3308 vulnerati,
343 3239 379 3292 ut
393 3233 467 3292 clids
488 3231 590 3308 solent,
604 3233 666 3292 acie
685 3240 821 3311 poterant
841 3233 990 3308 excedere,
1005 3235 1073 3294 edm
1091 3233 1180 3292 hostis

176 3330 301 3390 instaret
315 3349 333 3388 a
345 3329 449 3403 fronte,
464 3348 482 3388 a
495 3334 577 3408 tergo
591 3328 637 3388 sui
650 3335 794 3408 urgerent.

236 3428 283 3486 26.
314 3423 490 3498 Alexander,
521 3441 579 3483 nou
605 3422 684 3482 ducis
710 3422 802 3502 magis
824 3423 912 3501 quam
936 3423 1042 3482 militis
1067 3441 1181 3482 munera

176 3521 397 3600 exsequentem
420 3519 568 3597 ’opimum
591 3517 679 3578 decus
692 3537 765 3578 oaeso
785 3518 867 3598 Rege
887 3526 1031 3596 expetens.
1073 3515 1181 3594 Quippe
1227 3545 1229 3550 ·

176 3615 282 3676 Durius
296 3635 380 3676 curru
392 3613 522 3676 sublimis
535 3612 688 3688 eminebat,
703 3619 733 3672 et
746 3613 806 3673 suis
826 3613 865 3672 ad
878 3632 909 3673 se
921 3612 1068 3688 tuendum,
1082 3611 1179 3670 ethos

178 3711 256 3772 tibus
279 3711 317 3770 ad
340 3709 549 3784 incessendum,
572 3708 673 3787 ingens
698 3711 718 3738 ¹⁰
729 3708 952 3768 inritamentum.
992 3707 1075 3786 Ergo
1098 3707 1181 3768 fretu

178 3807 240 3884 ejus
256 3804 409 3881 Oxathres,
423 3807 491 3866 crim
514 3803 716 3866 Alexandrum
737 3803 845 3864 instare
864 3803 893 3864 ei
915 3809 1054 3878 cerneret,
1068 3803 1181 3882 equites,
1274 3837 1276 3846 ι
