2600 4394
193 344 233 404 aa
539 360 677 412 ourani
704 359 845 404 suurn

252 497 310 560 LX.
333 501 379 560 33.
402 497 447 560 nt
459 497 567 560 Durius
580 500 650 560 edm
663 499 700 560 ab
711 497 843 580 AEgypto
856 498 1011 558 divertisse
1021 497 1055 556 in
1064 495 1214 556 ‘Adi-ioum

193 591 306 654 bostem
319 593 514 670 somperisset,
526 593 720 668 dubitaverat,
731 601 867 652 utrumne
877 594 953 652 oiroe
963 591 1213 669 Mesopotamiam

194 686 395 762 ²subsisteret,
408 707 446 748 au
458 687 599 748 interiora
617 688 699 766 regni
717 689 765 748 sui
784 695 915 765 peteret3
937 687 1033 746 ’haud
1054 686 1146 748 dubie
1162 705 1211 764 po·

193 781 301 842 teutior
310 790 411 842 euetor
420 801 547 860 praessus
560 783 676 842 futurus
687 783 799 842 ultimis
809 783 945 861 gentibus
956 781 1080 858 impigre
1095 781 1212 842 bellum

194 877 371 954 eapesseudi,
384 897 457 956 quus
469 878 546 955 egris
561 896 613 953 per
634 877 796 939 Praefeotos
810 896 878 936 suos
892 876 1074 938 moliebatur.
1117 874 1210 948 'Sed

110 1043 112 1048 Ι
192 977 228 1032 ut
241 971 353 1030 idoneis
367 971 532 1032 auotoribus
542 971 765 1049 famavulgevit,
776 971 978 1030 Alexandrum
992 989 1058 1028 eum
1070 969 1211 1030 omnibus

141 1105 144 1115 ·
193 1064 295 1142 sepiis,
308 1084 518 1143 quamcumque
538 1065 600 1145 ipse
615 1065 737 1126 adiisset
757 1066 911 1145 regionem,
924 1064 1093 1142 petiturum,
1108 1063 1210 1125 ⁴heud

193 1158 320 1238 igneum
341 1159 429 1238 quem
453 1179 518 1220 oum
542 1167 660 1220 strenuo
683 1180 730 1220 res
754 1168 839 1234 esset,
860 1161 956 1221 omnio
981 1158 1210 1236 longinquarum

174 1243 325 1331 ”gentium
340 1254 450 1312 auxilie
472 1253 653 1332 Babylonem
675 1255 806 1314 eontrahi
825 1254 922 1331 jussit.
962 1253 1124 1326 saeuiunt,
1140 1253 1209 1330 Sey·

193 1347 319 1427 thequa,
346 1355 377 1408 et
400 1348 468 1410 Indi
492 1357 693 1412 eonveuerent.
736 1349 806 1410 dam
830 1357 861 1408 et
884 1355 1053 1410 eaemmrurn
1076 1347 1209 1425 gentium

193 1444 306 1522 espiss’
313 1445 446 1523 partibus
456 1446 543 1506 simul
553 1447 704 1506 affuerunt
749 1444 896 1506 Oasterdm
906 1445 974 1502 edm
983 1440 1104 1502 dimidio
1115 1443 1207 1504 ferme

192 1541 286 1616 major
309 1547 386 1600 esset
409 1541 564 1614 exereitus,
585 1541 673 1618 qudm
697 1541 726 1598 in
752 1539 858 1600 Gilioid
881 1539 984 1612 fueret,
998 1537 1102 1598 multis
1127 1556 1208 1598 arma

194 1629 332 1707 deerant3
353 1651 419 1710 quae
432 1636 544 1720 summi
557 1635 630 1692 eard
649 1635 897 1710 comparabantur.
939 1632 1100 1712 Equitibus
1113 1633 1206 1710 equis

193 1741 250 1802 que
264 1731 433 1802 tegumenta
447 1734 530 1786 erent
541 1745 577 1787 ex
587 1727 689 1786 ferreis
703 1727 825 1803 laminis,
836 1729 911 1790 serie
925 1728 1001 1786 inter
1011 1746 1043 1787 ss
1057 1726 1205 1786 muneris.

193 1816 307 1888 ‘Queis
319 1821 405 1878 antsd
419 1827 525 1898 praeter
536 1821 634 1898 jaoule
646 1821 720 1880 nihil
734 1822 862 1896 dederet,
873 1830 956 1882 souta
969 1821 1117 1900 gladiique
1132 1820 1206 1896 adji-

193 1912 361 1974 uiebsutur:
382 1933 575 1994 equorumque
591 1916 744 1976 ¹domandi
763 1937 865 1996 greges
885 1917 1033 1994 peditibus
1053 1915 1208 1974 distributi

194 2014 280 2068 sunt:
301 2015 336 2068 ut
348 2010 441 2085 major
455 2010 577 2087 pristino
586 2018 664 2072 esset
678 2012 838 2090 equitatus,
854 2012 1019 2090 ingensque,
1030 2017 1065 2070 ut
1077 2009 1207 2068 eredide-

193 2108 253 2178 ret,
267 2109 360 2164 terror
374 2103 510 2180 bostium,
524 2105 656 2166 duoentas
669 2107 783 2168 feloatas
803 2107 976 2185 'quadrigae
991 2106 1128 2164 ⁹uniourn
1142 2104 1204 2164 illa·

194 2215 260 2258 rum
273 2199 403 2278 gentium
416 2201 568 2272 auxilium,
584 2208 690 2262 seoutae
704 2208 781 2261 sunt.
824 2201 873 2260 Ex
887 2220 999 2260 summo
1013 2208 1128 2260 umens
1143 2199 1205 2258 hes·

195 2299 236 2357 te
248 2296 374 2372 praefixas
387 2296 465 2356 ferro
478 2297 652 2358 eminebant.
693 2296 850 2374 Utrimque
862 2315 881 2354 a
897 2297 968 2374 jugo
982 2303 1078 2356 ternos
1093 2295 1205 2354 direxe-

194 2396 262 2448 rent
275 2390 405 2465 gladios;
427 2398 458 2448 et
471 2391 546 2449 inter
559 2392 656 2450 radios
669 2398 799 2450 uotorum
818 2389 904 2467 plura
916 2390 1028 2468 spinule
1041 2389 1205 2448 eminebant

195 2481 227 2540 in
240 2481 400 2542 adversum.
443 2483 521 2541 Aliae
535 2483 641 2542 deinde
659 2484 749 2544 faloes
765 2485 784 2515 ¹⁰
792 2485 912 2544 summis
933 2492 1064 2545 rotarum
1083 2483 1204 2544 orbibus

195 2574 352 2652 haerebant,
366 2583 396 2634 et
410 2577 430 2604 ¹¹
440 2575 506 2634 aliae
520 2578 551 2634 iu
563 2583 669 2636 terram
690 2577 831 2654 demissae,
844 2579 988 2658 quidquid
1008 2579 1128 2642 obvium
1141 2599 1205 2640 eon·

196 2668 294 2730 sitatis
307 2670 390 2750 equis
403 2670 516 2745 luisset,
531 2679 732 2750 amputaturus.

256 2770 303 2826 34.
327 2766 394 2828 Hoo
408 2765 494 2826 modo
507 2767 650 2828 instructo
665 2769 805 2844 exercitu,
820 2789 853 2828 ao
866 2776 1038 2847 perarmato,
1053 2769 1205 2848 Babylone
1271 2811 1272 2816 κ

196 2861 293 2939 oopias
306 2863 405 2922 morit.
447 2861 477 2922 A
490 2869 573 2940 parte
587 2862 691 2922 dextre
717 2871 780 2924 erat
803 2864 899 2941 Tigris
922 2865 943 2894 ¹²
953 2864 1060 2924 nobilis
1081 2865 1203 2924 durius:

196 2955 299 3016 levum
318 2957 437 3036 tegebat
458 2957 642 3035 Euphrates:
663 2978 766 3037 agmen
787 2959 1006 3036 Mesopotamiae
1026 2977 1142 3036 campos
1156 2961 1204 3018 im·

195 3050 335 3129 pleverat.
379 3051 461 3129 Tigri
483 3052 588 3112 deinde
611 3060 754 3130 superato,
768 3053 836 3112 edm
855 3053 986 3114 audisset
1007 3053 1085 3114 haud
1105 3054 1203 3130 prooul

196 3145 296 3206 abesse
319 3145 442 3220 hostem,
474 3145 658 3225 Seuopaten
682 3147 813 3226 equitum
844 3147 1103 3225 praesentaneum
1127 3149 1204 3206 mille

196 3239 319 3300 deleatis
332 3239 482 3317 premisit,
499 3240 607 3304 Mazaeo
622 3243 750 3303 Praetori
763 3262 816 3302 sex
829 3243 922 3302 millia
936 3243 1014 3317 dats,
1024 3243 1131 3322 quibus
1144 3242 1203 3303 bos·

195 3342 256 3398 tam
266 3334 392 3396 transitu
404 3334 497 3398 amnis
509 3344 630 3398 uberet.
672 3337 804 3399 ”Eidem
818 3337 995 3412 mandatum,
1005 3345 1040 3396 ut
1050 3337 1203 3416 regionem,

195 3449 283 3510 quum
307 3428 477 3490 Alexander
501 3437 578 3488 esset
601 3431 741 3506 adituros,
763 3431 962 3510 popularetur,
982 3438 1069 3510 etque
1093 3440 1203 3492 ureret:

196 3525 303 3605 quippe
327 3524 473 3600 credebat,
486 3523 585 3601 inopia
607 3524 746 3586 debellari
767 3511 944 3605 posse'nibil
965 3527 1128 3600 habentem,
1149 3527 1204 3587 uisi

196 3622 274 3698 quod
287 3619 426 3699 rapiendo
441 3622 621 3698 oooupdsset.
664 3619 727 3698 Ipsi
739 3627 838 3680 autem
858 3628 1042 3695 commeatus,
1057 3622 1109 3680 alii
1121 3625 1203 3696 terre,

197 3714 249 3774 elii
270 3715 352 3795 Tigri
375 3735 459 3776 smne
480 3714 721 3776 subrebebentur.
763 3717 834 3776 dem
857 3724 1028 3794 pervenerat
1041 3716 1154 3778 Arbela
1165 3717 1204 3776 vi·

198 3828 272 3884 oum,
287 3809 439 3872 ¹‘nobilem
452 3814 507 3873 sud
526 3809 610 3872 elada
622 3810 762 3874 foeturus.
805 3811 867 3872 Hie
889 3818 1102 3872 commeatuum
1121 3812 1204 3872 seroi-
