2520 4390
362 419 484 461 arara
505 419 559 462 v1.
589 421 673 462 oar.
702 421 755 463 xr.
1017 407 1074 466 139

62 557 212 619 Philotam
225 557 352 636 torqueri
372 559 451 618 fama
464 558 641 639 vulgaverat,
653 559 747 639 legem
769 559 961 620 Macedonum
974 561 1072 638 veriti,

61 654 147 732 1'qut
171 658 286 710 cautum
309 659 380 729 erat,
403 659 438 712 ut
460 653 614 733 propinqui
637 673 744 728 eorum,
768 654 819 732 qui
841 655 918 733 Regi
940 655 1073 716 insidiati

60 754 152 822 erant,
167 749 234 805 adm
246 746 316 824 ipsis
328 747 516 825 necarentur3
538 747 589 807 alii
609 765 640 807 se
659 749 843 822 interficiunt,
858 748 909 808 alii
929 748 961 806 in
974 749 1072 809 devios
1095 787 1101 794 -

60 849 172 900 montes
192 847 346 920 ratusque
367 842 538 901 solitudines
559 842 685 922 lugiunt,
703 843 814 922 ingenti
832 863 884 920 per
903 848 965 902 tota
978 849 1073 901 castra

60 942 170 994 terrore
183 933 305 994 diffuso:
326 935 416 993 donec
428 935 502 1011 Rex,
517 935 646 994 tumultu
659 935 783 1014 cognito,
794 935 886 1014 legem
896 953 927 993 se
938 935 1072 1012 supplicii

60 1029 217 1106 conjunctis
230 1029 358 1092 sontium
370 1019 519 1090 remittere
532 1029 632 1089 edixit.
674 1029 807 1089 Philotas
830 1047 934 1090 verone
948 1049 985 1087 an
997 1047 1072 1088 men-

60 1123 140 1182 dacio
154 1123 275 1184 liberare
298 1143 330 1184 se
351 1143 369 1182 a
390 1125 520 1183 cruciatu
540 1123 674 1199 voluerit,
694 1142 798 1201 anceps
821 1126 985 1200 conjectura
1007 1129 1071 1182 est:

58 1219 191 1296 quoniam
212 1224 242 1276 et
259 1237 330 1278 uera
351 1219 497 1292 confessis,
522 1225 553 1276 et
564 1218 640 1278 falsa
666 1217 839 1292 dicentibus,
861 1217 939 1275 idem
965 1216 1072 1276 doloris

57 1313 121 1372 finis
136 1313 307 1373 ostenditur.
350 1312 370 1342 ¹⁴
381 1311 538 1387 caurum,
559 1316 576 1346 “
588 1312 705 1384 Pater,”
730 1311 832 1389 inquit,
847 1315 956 1370 “meus
979 1311 1072 1388 Hege-

57 1409 141 1466 locho
162 1410 251 1486 quem
273 1405 458 1466 familiariter
480 1425 552 1465 usus
573 1407 621 1482 sit,
639 1425 697 1465 non
717 1406 865 1484 ignoratis
907 1405 997 1464 Illum
1009 1405 1073 1464 dico

60 1505 269 1586 Hegelochum,
282 1504 332 1584 qui
345 1505 449 1564 inscie
463 1504 574 1564 cecidit.
617 1503 676 1563 Ille
689 1503 817 1563 omnium
835 1503 977 1562 malorum
989 1501 1073 1562 nobis

59 1621 147 1660 causa
159 1601 225 1660 fuit.
266 1599 343 1660 Nam
363 1603 427 1658 oum
447 1599 575 1679 primum
598 1599 684 1660 Jovis
696 1598 787 1658 lilium
800 1617 831 1658 se
852 1597 972 1658 salutari
983 1596 1073 1674 jussit

59 1697 135 1770 Rex,
150 1695 182 1754 id
195 1695 315 1774 indign&
329 1695 424 1754 ferens
437 1695 496 1770 ille,
519 1694 626 1754 ‘Hunc
638 1693 732 1774 igitur
745 1695 858 1774 Regem
873 1691 1073 1774 agnoscimus,’

57 1792 159 1869 inquit,
175 1791 243 1870 ‘qui
256 1789 425 1869 Philippum
438 1790 610 1870 dedignatur
628 1789 764 1868 patrem?
815 1790 835 1818 ¹⁶
843 1789 952 1848 Actum
971 1794 1016 1846 est
1036 1787 1072 1846 de

57 1886 150 1962 nobis,
164 1886 189 1946 si
203 1887 260 1945 ista
273 1887 383 1964 perpeti
397 1905 556 1964 possumus
578 1884 645 1944 Non
658 1885 786 1944 homines
800 1884 904 1960 solum,
919 1883 1072 1944 sedetiam

57 1981 135 2040 Deos
158 1981 289 2059 despicit,
309 1981 359 2060 qui
379 1981 508 2059 pustulat
529 1980 608 2039 Deus
630 1980 717 2040 credi.
759 1980 923 2039 Amisimus
945 1979 1071 2038 Alexan·

57 2077 151 2150 drum,
167 2075 313 2135 amisimus
327 2075 456 2154 Regem:
477 2075 631 2134 incidimus
644 2075 676 2132 in
686 2074 856 2152 superbiam,
867 2093 920 2133 nec
932 2073 997 2132 Diis
1010 2073 1071 2152 qui·

57 2171 114 2230 bus
127 2189 157 2228 se
168 2176 306 2248 exaequat,
320 2189 372 2228 nec
394 2169 558 2228 hominibus
580 2169 685 2246 quibus
707 2187 738 2227 se
760 2169 862 2226 eximit
883 2168 1071 2228 tolerabilem.

59 2263 207 2322 Nostrone
227 2263 363 2342 sanguine
383 2263 478 2322 Deum
490 2263 620 2338 fecimus,
632 2263 681 2342 qui
694 2280 747 2320 nos
768 2262 927 2320 fastidiat?
946 2261 997 2340 qui
1009 2281 1073 2340 gra

57 2366 144 2419 vetur
164 2357 331 2418 mortalium
353 2357 433 2416 adire
446 2357 624 2416 concilium?
664 2355 783 2418 (tradite
802 2355 883 2432 mihi,
910 2365 940 2415 et
962 2373 1023 2432 nos,
1047 2355 1072 2416 si

55 2454 115 2514 viri
128 2471 236 2528 sumus,
251 2473 268 2511 a
281 2451 348 2512 Diis
362 2452 568 2531 adoptabimur.
610 2451 684 2522 Quis
696 2471 833 2530 proavum
846 2451 933 2528 hujus
946 2451 1071 2510 Alexan·

56 2550 150 2624 drum,
172 2549 237 2626 quis
258 2545 362 2606 deinde
384 2547 570 2622 Archelaum,
592 2547 656 2626 quis
678 2545 846 2606 Perdiccam
869 2545 977 2605 occisos
990 2547 1071 2608 ultus

56 2645 127 2703 est?
166 2643 226 2702 Hic
238 2643 354 2722 quidem
367 2642 598 2702 interfectoribus
610 2641 702 2722 patris
722 2641 851 2721 ignovit’
892 2641 966 2700 Haec
976 2641 1071 2720 Hege-

55 2739 156 2798 lochus
177 2739 253 2798 dixit
276 2758 361 2816 super
375 2757 499 2814 coenam3
522 2744 552 2796 et
572 2743 688 2816 postero
701 2737 749 2795 die
767 2737 863 2814 primi
875 2735 970 2793 lucca
989 2741 1071 2811 patre

55 2851 194 2893 accersor.
236 2833 341 2892 Pristis
362 2841 432 2909 erat,
452 2840 481 2892 et
502 2853 549 2892 me
569 2837 703 2891 moestum
724 2831 860 2891 videbat:
893 2829 1071 2888 audieramus

55 2930 136 2988 enim
148 2947 212 3005 quae
226 2927 448 2986 sollicitudinem
461 2929 479 2956 ¹⁰
489 2927 661 2986 incuterent.
702 2925 807 3002 Itaque
819 2931 854 2982 ut
868 2924 1069 3002 experiremur,

53 3030 192 3082 utrumne
221 3020 288 3082 vino
314 3027 448 3100 gravatus
474 3021 621 3079 effudisset
654 3018 715 3094 illa,
742 3037 780 3076 an
803 3017 906 3077 altiore
934 3027 1070 3098 concepta

55 3117 186 3192 consilio,
201 3116 309 3174 accersi
323 3115 518 3193 camplacuit.
559 3114 670 3174 Venit:
691 3113 845 3192 eodemque
856 3133 983 3174 sermone
992 3115 1069 3189 ultrd

54 3213 188 3290 repetito,
211 3211 329 3288 adjecit,
353 3229 392 3285 se,
416 3209 476 3270 sive
498 3209 666 3268 auderemus
687 3208 771 3272 duces
791 3227 863 3286 esse,
885 3209 1030 3288 proximas
1052 3229 1069 3266 a

54 3307 140 3367 nobis
160 3313 259 3384 partes
281 3308 301 3335 ¹⁷
309 3305 540 3366 vindicaturum:
561 3303 621 3364 sive
642 3302 754 3364 deesset
775 3304 895 3379 animus,
920 3303 1070 3362 eonsilium

55 3401 174 3462 silentio
187 3419 249 3460 esse
262 3407 413 3460 tectarum.
455 3398 649 3475 Parmenioni,
663 3399 728 3461 vivo
742 3398 836 3458 adhuc
855 3397 954 3472 Dario,
968 3397 1070 3454 intem-

54 3496 170 3576 pestiva
182 3513 228 3554 res
241 3495 412 3573 videbatur3
435 3494 521 3554 ²⁸nou
534 3493 610 3553 enim
631 3493 695 3570 sibi,
709 3493 761 3555 sed
781 3493 859 3554 hosti
880 3509 942 3549 esse
963 3487 1071 3546 occisu-

55 3611 105 3651 ros
125 3589 341 3650 Alexandrum:
362 3589 451 3649 Dario
474 3590 543 3650 verd
566 3589 688 3664 sublato,
702 3587 852 3666 praemium
873 3582 963 3662 Regis
985 3581 1070 3641 occisi

55 3686 170 3760 Asiam,
185 3693 214 3743 et
228 3691 321 3743 totum
336 3683 484 3745 Orientem
496 3683 726 3744 interfectoribus
740 3699 803 3738 esse
814 3695 967 3735 cessurum.
1009 3675 1069 3754 Ap·

54 3781 233 3862 probatoque
246 3779 376 3855 consilio,
388 3779 420 3838 in
439 3781 501 3840 haec
521 3779 591 3838 fides
613 3779 682 3836 data
704 3781 749 3834 est
767 3780 797 3830 et
819 3777 943 3849 accepta.
985 3769 1069 3844 Quod
