2600 4394
372 403 495 445 mnne
521 403 575 446 iv.
603 403 689 444 oar.
717 403 771 444 rr.
1038 385 1075 444 43

83 543 194 605 ”eomes
208 541 361 602 et‘ferreas
373 561 476 602 monus
492 539 684 620 illigaverunt,
696 547 739 618 nt,
753 542 821 601 edm
840 545 986 600 tormento
1000 557 1077 598 asse·

82 659 123 698 res
147 637 358 717 promovissent,
386 637 485 698 subito
511 636 619 722 laxatis
645 637 773 710 funibus,
796 636 957 713 inJ'ioerent.
999 633 1077 695 Unui

82 753 183 812 quoqne
195 740 226 792 st
237 732 325 792 feloes
339 751 376 792 ex
389 732 495 792 iisdem
508 732 655 791 asseribus
673 730 876 809 dependentes,
890 736 942 788 ant
954 749 1077 808 propug-

81 835 192 901 natores,
217 834 268 886 aut
290 827 354 904 ipsa
376 827 494 905 navigia
519 825 693 886 laoerabent
738 823 864 902 Olypeos
887 825 957 884 verb
981 841 1078 884 aneos

79 923 163 981 multo
174 922 238 1000 igne
252 921 411 996 torrebant,
425 939 506 1000 quos,
517 919 644 998 repletos
656 919 773 980 fervide
782 923 868 979 arent
879 937 1015 996 eoenoque
1030 917 1076 978 de·

79 1024 160 1091 noeto,
171 1037 185 1075 e
197 1017 290 1075 muris
304 1015 402 1075 subito
416 1015 622 1090 devolvebant3
643 1033 697 1073 neo
709 1013 772 1072 nlla
783 1014 876 1092 pestis
889 1012 982 1090 magis
995 1013 1078 1070 time·

77 1111 162 1171 batur.
203 1109 317 1188 Quippe
331 1109 383 1170 ubi
403 1109 522 1169 loriesm
543 1109 734 1188 ⁸'corpusque
755 1109 871 1168 fervens
884 1127 973 1168 arena
993 1125 1077 1184 pene

76 1211 201 1280 traverit,
225 1223 280 1264 neo
302 1204 366 1264 unt
388 1205 420 1264 ui
444 1204 543 1264 exouti
565 1210 690 1281 poterat,
709 1209 742 1262 et
762 1203 906 1283 quidquid
930 1202 1077 1280 attigerat,

73 1301 235 1377 perurebat3
255 1299 455 1377 janientesqne
469 1317 558 1371 erma,
572 1297 707 1356 laseratis
721 1297 855 1356 omnibus
868 1297 951 1376 queis
964 1294 1078 1374 protegi

72 1401 211 1472 poterant,
230 1393 402 1452 vnlneribus
423 1391 512 1450 inulti
532 1393 679 1470 patebant.
722 1391 812 1452 Corvi
831 1393 911 1466 verb,
927 1399 957 1450 et
978 1392 1081 1450 seneen

72 1507 170 1546 manns
183 1487 335 1546 tormentis
349 1485 470 1560 emissan,
485 1486 637 1565 plerosque
650 1486 809 1564 rapiebant

131 1581 186 1641 IV.
211 1584 254 1641 lo
276 1580 359 1639 ¹Hio
381 1579 449 1640 Rex
461 1579 600 1659 fatigatus
613 1586 763 1655 statuerat,
785 1577 901 1640 'soluit
921 1577 1079 1654 obsidione,

70 1677 233 1756 AEgyptum
252 1681 372 1754 petere:
391 1675 497 1754 qnippe
512 1675 580 1733 edm
600 1675 703 1734 Asiam
725 1674 837 1754 ingenti
848 1673 1004 1735 relooitste
1016 1693 1079 1752 per·

67 1772 214 1846 currisset,
238 1771 315 1829 eirea
335 1789 433 1829 muros
455 1769 540 1828 nnins
560 1769 642 1830 urbis
662 1769 797 1845 mbae,
821 1775 866 1828 tot
886 1769 1080 1830 maximarum

64 1885 161 1924 rerum
180 1864 393 1942 opportunitate
417 1863 544 1923 dimisse.
586 1862 734 1926 Gaeterdrn
752 1869 814 1922 tam
837 1863 985 1924 diseedere
997 1863 1080 1922 'irni-

63 1969 136 2035 tum,
150 1962 237 2038 quem
255 1959 363 2019 morari
382 1959 526 2036 pudebat;
553 1959 661 2018 famam
672 1979 793 2039 quoque,
806 1963 865 2039 qne
886 1959 972 2038 plura
990 1962 1079 2040 qndm

62 2055 154 2114 armis
178 2060 331 2128 everterat,
353 2059 435 2112 ratus
455 2053 593 2113 leviorem
613 2053 726 2128 iore,si
746 2053 864 2130 Tyrum,
876 2054 960 2133 quasi
974 2060 1080 2115 terem

61 2170 96 2211 se
120 2167 204 2226 posse
216 2147 303 2221 vinei,
316 2147 487 2225 reliquisset.
527 2145 627 2224 Igitur
646 2165 682 2205 ne
705 2146 777 2224 quid
799 2147 981 2224 inexpertum
998 2147 1081 2207 omit

59 2250 151 2317 teret,
173 2241 271 2319 plures
288 2259 376 2300 naves
397 2239 545 2298 admovem
563 2239 654 2315 iubet,
678 2239 859 2317 delentesque
880 2241 1008 2300 militnm
1028 2241 1081 2300 im·

57 2338 142 2418 poni.
185 2337 229 2395 Et
253 2335 329 2394 forte
356 2333 467 2394 ‘bellna
492 2333 638 2393 inusitata
660 2333 867 2413 magnitudinis
892 2353 978 2414 snper
1002 2335 1081 2415 ipsos

55 2435 169 2494 fluetus
193 2431 279 2491 dorsu
292 2429 429 2504 eminens,
451 2428 489 2488 nd
509 2429 624 2504 molem,
637 2447 725 2508 qnam
749 2429 920 2491 Maeedones
938 2433 1079 2510 jeoerant,

54 2530 167 2606 ingens
194 2541 297 2602 eorpus
323 2522 482 2602 applicuit,
515 2521 759 2602 diverberatisque
784 2523 919 2586 fluetibus
952 2525 1080 2588 allevans

53 2627 166 2694 semet,
180 2619 315 2697 utrinqne
336 2623 487 2696 eonspeota
501 2623 554 2676 est
598 2615 712 2676 Deinde
726 2636 744 2676 a
757 2618 850 2696 eapite
869 2619 964 2696 molis,
978 2625 1078 2682 russin

51 2717 123 2775 alto
148 2733 181 2773 se
204 2711 362 2772 immersit:
381 2731 416 2770 eo
439 2711 523 2770 modd
547 2729 633 2788 super
655 2711 748 2772 undas
767 2713 895 2772 eminens
915 2720 1020 2793 magns
1034 2716 1080 2775 sui

48 2815 155 2889 parte,
177 2806 264 2866 modd
285 2803 445 2884 superfusis
465 2805 599 2866 fluetibus
621 2805 746 2880 condita,
769 2806 848 2866 hand
869 2808 969 2884 proeul
990 2811 1080 2869 muni·

46 2903 169 2962 mentis
191 2901 273 2962 urbis
295 2900 438 2960 ‘emersit
480 2899 619 2979 Utrisque
637 2900 723 2960 larus
742 2900 800 2958 fnit
819 2901 924 2962 belluae
937 2909 1077 2982 aspectus.

47 2995 240 3057 Macedones
262 2995 319 3054 iter
336 2994 470 3070 jaciendo
483 2995 563 3072 operi
577 2999 756 3053 monstrasse
769 3015 833 3054 enm
845 2997 1077 3079 augurabantur3

46 3091 156 3170 Tyrii,
173 3089 344 3167 Neptunum
356 3089 488 3166 oeenpati
508 3089 597 3148 maris
609 3087 754 3150 vindicem
771 3090 932 3170 abripuisse
944 3093 1078 3171 bellunm,

43 3205 90 3246 ae
121 3183 232 3244 molem
254 3183 337 3245 brevi
360 3183 489 3262 profesto
515 3184 677 3244 ruituram:
705 3184 822 3266 letique
849 3187 944 3248 omine
970 3209 1013 3266 eo,
1040 3189 1079 3248 ad

43 3279 164 3359 epulas
192 3278 327 3356 'dilapsi
354 3281 509 3340 onerarere
534 3297 566 3337 se
591 3278 677 3340 vino:
706 3299 763 3360 quo
789 3301 900 3361 gaves,
927 3291 991 3344 orto
1018 3285 1080 3344 sole

43 3373 181 3452 navigia
202 3372 405 3448 consuendum,
427 3371 563 3432 redimite
581 3373 692 3433 nononis
710 3375 902 3456 floribusque:
930 3378 1002 3436 edet
1021 3377 1080 3436 rie·

43 3467 146 3528 toriae
159 3485 221 3526 non
234 3485 317 3526 omen
329 3467 425 3540 modo,
441 3466 492 3528 sed
505 3467 595 3526 etiam
607 3469 830 3547 gradationem
844 3475 1045 3548 praeoepemnt

123 3565 172 3622 17.
194 3561 286 3620 sorte
305 3561 372 3620 Rex
385 3561 504 3620 classem
527 3561 557 3620 in
579 3555 723 3624 diversam
745 3572 858 3642 purtem
878 3563 926 3640 agi
943 3565 1080 3638 jusserat,

43 3657 188 3734 triginta
208 3655 369 3717 minoribus
390 3656 514 3736 navigiis
534 3657 646 3718 relietis
658 3659 691 3717 in
710 3659 827 3732 littore,
849 3655 982 3733 equibus
996 3656 1079 3737 Tyrii

43 3751 176 3811 iuobus
190 3750 292 3828 captis,
307 3756 412 3812 eastern
431 3751 540 3830 ingenti
559 3758 723 3812 terruerant
734 3757 831 3826 metu,
853 3749 949 3825 donee,
964 3769 1080 3812 suornm

43 3848 189 3906 elamore
214 3845 322 3920 andito,
345 3843 513 3906 Alexander
541 3845 664 3908 olnssem
689 3843 794 3918 littori,
821 3862 837 3902 e
863 3863 920 3924 quo
944 3847 1080 3908 inemitus
