2600 4394
359 411 478 454 ursus
504 411 556 453 ιν.
585 413 665 454 oar.
693 413 752 454 111.
963 387 966 390 ’
1024 395 1066 456 di*

67 551 198 626 thecum,
211 550 266 610 hoe
278 550 373 610 scrius
388 545 509 612 lurereJ’
537 549 580 610 At
592 549 644 612 ille
655 549 875 631 haudquaquam
893 551 976 612 rudis
988 558 1064 614 tree-

68 647 140 706 tandi
158 646 297 706 militares
309 646 429 722 mimos,
444 647 567 724 speciem
580 646 637 707 sihi
650 647 788 708 Herculis
810 647 841 706 in
865 665 965 707 somno
985 647 1063 710 obla·

66 750 119 800 tam
144 759 203 802 esse
234 741 402 819 pronunciat
433 740 563 800 dextram
588 741 782 821 porrigentis:
814 742 867 801 illo
901 741 982 818 duce,
1008 742 1063 803 illo

65 837 205 914 aperiente,
219 836 249 894 in
261 836 363 896 urbem
375 835 483 896 intrare
496 855 527 895 se
539 836 641 897 risum.
684 837 769 896 Inter
788 836 848 896 huso
863 837 1063 900 caduceatores

63 932 224 1007 inarimos,
238 931 370 1011 gentium
380 933 449 1008 jura
461 931 569 992 violata
589 931 749 993 referebat:
778 951 865 992 unam
878 951 940 992 esse
952 933 1062 1010 urbam,

62 1045 119 1104 que
129 1045 239 1086 cursum
251 1025 372 1086 uictoris
383 1025 488 1084 morari
500 1045 572 1086 ausa
583 1033 669 1086 esset
683 1025 839 1088 «munus
860 1027 966 1086 deiude
978 1047 1064 1108 nego-

61 1121 126 1180 tium
139 1122 231 1196 datur,
243 1127 280 1180 ut
301 1137 368 1180 suos
380 1120 501 1199 quisque
514 1120 656 1200 castiget:
678 1121 804 1200 satisque
817 1121 950 1182 omnihus
964 1123 1062 1182 stimu-

58 1214 129 1291 latis,
142 1235 210 1294 opus
233 1233 315 1276 orsus
337 1221 389 1276 cst.
431 1215 596 1294 Magnesia
619 1233 755 1276 sanorum
773 1216 841 1276 ”ad
860 1235 976 1276 manum
990 1223 1061 1292 erat,

58 1310 130 1388 Tyro
142 1319 238 1372 vetere
258 1311 422 1388 praebente:
443 1311 578 1370 materies
599 1329 637 1368 cx
658 1310 770 1372 Libano
789 1317 887 1370 monte
901 1312 1013 1372 ratibus
1032 1319 1064 1371 et

54 1405 179 1465 turribus
191 1404 331 1464 faciendis
344 1403 545 1464 advehebatur.

118 1503 161 1559 10.
183 1501 312 1578 Jamque
325 1519 342 1558 a
354 1493 445 1558 fundo
465 1499 553 1558 maris
572 1499 603 1558 in
623 1498 810 1558 altitudinem
829 1499 971 1560 modicam
992 1519 1063 1578 opus

51 1603 227 1670 exereverat,
241 1596 372 1654 uonddm
392 1601 488 1654 tamen
508 1613 592 1674 aquas
610 1595 760 1674 fastigium
783 1596 934 1675 aequabat:
956 1603 986 1656 et
1005 1598 1063 1676 qud

51 1691 170 1768 longists
192 1691 283 1750 moles
308 1691 448 1768 agebatur
462 1709 478 1748 a
491 1690 599 1765 littore,
614 1690 669 1748 hdo
682 1690 775 1768 magis
793 1691 932 1770 quioquid
953 1692 1062 1771 ingere·

47 1787 145 1863 batur,
158 1785 310 1864 praealtum
330 1784 503 1846 absorbebat
516 1804 613 1845 mare:
643 1785 736 1864 Tyrii,
750 1787 848 1864 parvis
867 1787 993 1865 nauigiis
1013 1788 1062 1847 ad·

44 1883 145 1956 motis,
168 1901 221 1960 per
247 1881 407 1941 ludibrium
434 1881 659 1959 exprobrabant,
685 1881 788 1958 “illos,
813 1883 900 1942 armis
927 1883 1062 1961 inclytos,

44 1979 145 2054 dorso,
167 1978 244 2038 siout
264 1980 405 2054 jumenta,
427 1995 515 2035 onera
534 1977 677 2056 gestare.”
719 1975 945 2056 interrogabant
966 1980 1063 2054 etiam,

40 2078 60 2107 “
73 2095 146 2132 num
167 2075 258 2150 major
273 2074 412 2150 Neptuno
426 2079 503 2130 esset
518 2073 688 2130 Alexander
698 2071 713 2130 l
723 2073 739 2106 ’²
781 2073 856 2132 Haeo
869 2073 933 2150 ipsa
946 2072 1062 2132 ''insec-

34 2170 119 2227 tatio
135 2168 314 2227 alacritatem
327 2167 455 2224 militnm
469 2166 609 2224 accendit.
652 2166 779 2243 Jamque
798 2167 953 2243 paululdm
972 2167 1063 2226 moles

33 2282 154 2342 aquam
175 2261 329 2333 eminebat,
344 2267 374 2317 et
389 2260 477 2318 simul
497 2259 610 2337 aggeris
630 2259 753 2318 latitudo
774 2260 929 2336 crescebat,
942 2261 1064 2340 urbique

30 2356 275 2431 admovebatur,
298 2357 366 2414 cutm
381 2354 474 2432 Tyrii,
486 2353 687 2432 magnitudine
705 2353 798 2432 molis,
812 2357 895 2432 eujus
908 2355 1063 2416 incremen-

30 2465 108 2514 tum
124 2471 175 2512 sos
190 2459 275 2510 autea
288 2449 442 2524 fefellerat,
457 2451 621 2527 conspecte,
635 2449 748 2510 levibus
768 2451 893 2530 navigiis
907 2451 1062 2512 l'nondrlm

27 2549 233 2610 commissum
253 2565 325 2624 opus
346 2545 498 2604 circumire
523 2550 678 2622 coeperunt,
694 2545 854 2605 missilibus
869 2564 918 2604 eos
939 2567 1062 2626 quoquc,

27 2645 92 2726 qui
108 2663 165 2721 pro
180 2661 266 2720 opere
281 2642 406 2716 stabant,
422 2641 573 2700 incessere.
617 2640 724 2700 Multis
739 2643 810 2720 orgd
830 2641 949 2720 impune
964 2643 1062 2702 vulue-

26 2742 127 2816 ratis,
139 2739 209 2798 crim
220 2745 250 2797 et
262 2757 418 2811 removere,
430 2744 459 2795 et
470 2736 614 2814 appellere
625 2737 746 2814 scaphas
756 2737 775 2766 ²⁰
784 2738 814 2794 in
826 2737 962 2815 expedito
976 2745 1062 2812 esset,

26 2839 73 2896 ad
95 2854 203 2894 curam
218 2834 389 2910 semetipsos
409 2831 511 2890 tuendi
526 2831 562 2891 ab
576 2847 662 2908 opere
682 2837 893 2890 converterant.
935 2831 955 2862 ²²
965 2831 1063 2911 Igitur

26 2952 93 2993 rex
118 2927 316 2987 munientibus
340 2927 418 2986 coria
437 2925 558 3004 velaque
579 2926 670 3004 jussit
694 2925 822 3000 obtendi,
847 2931 882 2983 ut
901 2933 986 2986 extra
1007 2927 1062 2988 teli

26 3032 137 3088 ictum
152 3031 267 3100 essent;
290 3023 421 3101 duasque
434 3029 531 3080 turres
546 3042 583 3080 ex
597 3022 691 3098 capite
712 3019 795 3080 molis
810 3025 911 3096 erexit,
926 3023 1062 3101 equibus

26 3147 58 3184 ‚n
81 3119 254 3180 subeuntes
269 3118 390 3196 scaphas
404 3117 462 3175 tela
476 3115 570 3196 ingeri
583 3123 710 3193 possent.
754 3115 873 3192 (luntre,
890 3117 972 3196 Tyrii
985 3119 1062 3179 navi·

26 3222 84 3301 gia
104 3215 214 3293 procul
228 3235 245 3272 a
259 3220 417 3291 conspectu
430 3213 558 3270 hostium
578 3212 673 3270 littori
693 3213 850 3290 appellunt,
865 3215 1062 3294 expositisque

26 3311 203 3386 militibus,
229 3329 287 3387 cos,
307 3311 358 3389 qui
383 3327 454 3368 saxa
477 3307 639 3386 gestabant,
664 3307 844 3368 obtruncant.
888 3309 926 3368 Iu
951 3311 1064 3369 Libano

26 3426 165 3491 quoque
187 3405 321 3466 Arabum
345 3411 485 3484 agrestes,
499 3403 704 3481 incompositos
725 3404 901 3464 Macedonas
926 3403 1064 3482 aggressi,

28 3503 173 3582 riginta
187 3502 249 3561 ferd
263 3501 449 3573 interficiunt,
463 3499 648 3577 paucioribus
662 3499 762 3578 captis.

101 3597 175 3656 ΠΙ.
202 3601 246 3656 ll.
272 3597 317 3655 Ea
331 3614 377 3654 res
392 3594 594 3654 Alexandrum
614 3593 745 3654 dividere
766 3595 863 3672 copias
878 3591 980 3668 coegit.
1024 3589 1066 3648 Et

26 3718 60 3755 re
86 3693 232 3769 segniter
246 3691 374 3750 assidere
387 3691 439 3748 uni
458 3690 526 3751 urbi
538 3691 698 3763 uideretur,
714 3689 795 3766 operi
815 3685 984 3746 Perdiccam
1000 3683 1057 3744 Ora

27 3807 207 3865 erumque
221 3787 369 3864 praefecit:
391 3787 453 3862 ipse
468 3805 533 3844 cum
554 3785 693 3862 expedita
713 3801 802 3840 manu
817 3779 958 3838 Arabiam
971 3781 1065 3858 petiit.

30 3893 133 3946 nter
148 3882 223 3956 haec,
238 3881 322 3958 Tyrii
335 3901 438 3941 navem
450 3879 652 3959 magnitudine
668 3875 786 3948 eximie,
801 3874 879 3934 saxis
893 3881 1036 3954 arendque
1049 3897 1067 3934 a
