2520 4390
171 381 212 441 94
521 391 661 445 cursui
687 389 848 434 ccccii

170 534 334 596 infelicibus
360 533 462 612 patrie,
488 535 577 612 quum
602 529 737 607 solitudo,
764 537 795 590 et
820 535 912 591 uuae
934 527 1195 608 prioris'olrlivio.

172 629 318 708 Numqui
340 629 468 688 multum
489 628 521 686 in
544 645 661 687 suorum
684 625 884 686 misericordie
906 631 1025 702 ponunt,
1049 625 1196 704 ignorant

172 726 288 803 ¹'quim
309 723 443 783 celeriter
462 723 597 801 lacrymae
616 721 784 781 increscunt
827 719 1065 780 Nemoiidcliter
1079 721 1192 800 diligit,

169 837 254 900 quem
266 819 401 879 fastidit:
421 837 489 878 nam
501 824 531 876 et
544 815 693 876 calamitas
705 815 825 895 querele
837 821 891 890 est,
905 821 935 874 et
957 815 1085 892 superba
1099 817 1192 874 felici·
1249 873 1250 880 ,

169 919 222 974 tus.
264 913 408 974 iusum
429 912 550 991 quisque
561 912 707 970 fortunam
728 911 758 970 in
779 909 931 970 consilium
949 908 1047 985 habet,
1062 913 1138 970 cum
1159 911 1192 969 de

169 1009 265 1068 client
288 1007 444 1068 deliberat:
466 1013 496 1065 et
520 1006 603 1066 unisi
622 1007 724 1066 mutud
745 1022 871 1065 essemus
890 1003 995 1080 miseri,
1015 1005 1094 1064 clim
1115 1007 1192 1066 alius
1249 1067 1250 1090 ,

169 1103 221 1162 clii
243 1103 435 1181 potuissemus
457 1119 519 1160 esce
541 1101 667 1161 fastidio.
718 1099 799 1171 Quid
821 1099 927 1158 mirum
948 1105 995 1158 cst
1018 1100 1191 1160 fortunatos
1249 1095 1250 1128 ³

170 1217 281 1274 semper
306 1217 405 1274 parem
429 1196 581 1276 quaerere?
632 1195 760 1257 Obsecro
786 1211 847 1270 vos,
869 1194 939 1253 olim
962 1194 1025 1254 vitu
1055 1195 1189 1255 defuncti

169 1309 331 1372 quaeramus
357 1291 461 1368 locum,
488 1292 521 1350 in
551 1309 608 1370 quc
638 1290 700 1350 hac
726 1307 837 1350 semeso
867 1289 994 1350 membro
1019 1288 1189 1364 obruamus,

168 1387 220 1447 ubi
233 1386 387 1449 horribiles
408 1386 558 1446 cicatrices
581 1385 654 1445 celet
673 1384 799 1444 exilium
843 1383 957 1444 ''Grati
977 1386 1106 1460 prorsus
1127 1405 1189 1444 con·

166 1481 297 1562 jugibus,
311 1501 381 1562 quas
401 1485 520 1559 juvenes
541 1481 686 1555 duximus,
700 1479 896 1539 revertemurl
938 1478 1039 1554 Liberi
1064 1479 1098 1538 in
1121 1481 1189 1540 flore

168 1583 199 1634 et
212 1577 308 1634 utatis
321 1583 352 1634 et
363 1595 470 1649 rerum,
483 1581 517 1632 ut
530 1581 634 1652 patrer,
649 1579 803 1652 agnoscent
811 1572 950 1653 ergastuli
963 1573 980 1602 ²⁸
988 1573 1190 1634 detrimenta?

170 1668 212 1728 Et
226 1668 244 1696 ¹⁴
253 1674 343 1744 quote
362 1687 429 1744 pars
451 1665 542 1726 nostri
555 1675 600 1726 tot
613 1667 693 1726 obire
706 1674 801 1727 terras
813 1667 931 1746 potest?
949 1666 1050 1744 procul
1065 1667 1189 1746 Europa

168 1763 200 1822 in
212 1760 315 1819 ultima
330 1760 460 1822 Orientis
473 1761 603 1840 relegati,
618 1779 707 1836 senes,
721 1762 841 1837 debiles,
863 1763 971 1839 majore
990 1763 1189 1823 membrorum

168 1841 250 1936 parte
270 1855 412 1930 mulctati,
433 1855 621 1915 tolerabimus
644 1855 755 1916 scilicet
775 1877 842 1937 quac
863 1863 990 1916 armatos
1013 1864 1044 1915 et
1058 1858 1189 1918 victores

168 1948 387 2028 fatigaverunt?
428 1947 573 2028 Ocnjuges
587 1949 700 2025 deinde,
715 1969 785 2029 quus
805 1950 898 2029 captis
911 1969 973 2010 sors
986 1957 1016 2008 et
1028 1953 1188 2011 necessitas

168 2043 284 2103 unicum
305 2043 440 2104 solatium
461 2044 607 2122 applicuit,
621 2063 780 2124 parvosque
801 2043 908 2106 liberos
926 2044 1070 2104 trahimus
1091 2047 1188 2108 nobie

169 2157 243 2216 cum,
265 2159 303 2199 an
320 2139 532 2220 relinquimus?
588 2139 661 2202 cum
682 2140 729 2199 his
752 2140 901 2200 venientes
924 2155 1006 2200 nemo
1029 2161 1189 2220 agnoscere

168 2235 254 2297 volet
296 2235 505 2316 Relinquemus
517 2237 586 2317 ergd
596 2235 740 2313 extempld
754 2235 908 2312 prasentia
917 2235 1045 2314 pignora,
1059 2239 1135 2294 oiim
1148 2237 1188 2298 iu·

168 2339 279 2391 certum
292 2332 383 2392 sitan
395 2332 487 2392 visuri
501 2333 590 2392 simus
603 2351 638 2390 ea
650 2351 715 2410 quae
734 2329 882 2408 petimus?
923 2329 1006 2390 [nter
1025 2331 1080 2390 hos
1095 2332 1188 2392 laten-

169 2425 239 2484 dum
253 2432 307 2499 est,
320 2427 371 2503 qui
383 2443 436 2484 nos
449 2426 568 2486 miseros
581 2419 666 2486 nosse
678 2425 852 2502 caeperunt.”
956 2445 960 2477 .·

232 2519 276 2576 19.
298 2517 372 2576 Haec
386 2516 561 2594 Euthymcn.
592 2517 703 2578 (lontrt
715 2519 882 2580 Theaetetus
896 2517 1089 2578 Atheniensis
1101 2539 1187 2580 orsus

168 2615 213 2669 est
223 2609 347 2670 dicere:
369 2609 548 2670 “Neminem
569 2612 678 2689 ”pium
699 2613 802 2674 habitu
823 2613 950 2690 corporis
974 2633 1040 2673 suos
1060 2617 1187 2674 aestinrn·
1249 2673 1250 2682 ,

169 2711 285 2782 turum3
307 2703 408 2783 utique
420 2703 533 2765 saevitit
546 2704 649 2780 hostis,
659 2723 716 2764 non
728 2711 834 2767 natura
842 2707 1031 2768 calamitosos
1054 2707 1186 2788 Dignum

169 2817 231 2860 esse
251 2801 329 2862 omni
351 2800 437 2877 melo,
461 2799 512 2878 qui
534 2799 712 2862 erubesceret
737 2803 873 2862 fortuite:
902 2802 1016 2862 tristem
1043 2803 1122 2862 enim
1149 2804 1186 2864 de

167 2898 345 2956 mortalitate
358 2897 433 2957 ferre
446 2897 627 2972 seutentiam,
641 2905 671 2956 et
690 2897 841 2976 desperare
860 2897 1095 2974 misericordiam,
1117 2901 1186 2978 quis

168 2991 231 3068 ipse
252 2991 336 3050 alteri
363 2992 553 3071 denegaturus
575 2993 622 3054 cit.
663 2992 741 3052 Deos
764 2992 851 3072 (quod
874 2992 929 3069 ipsi
951 3011 1098 3071 nunquam
1121 2996 1187 3054 ausi

172 3091 271 3162 optare
291 3085 396 3164 forent)
411 3089 512 3146 offerre
531 3087 665 3164 patriam,
688 3090 834 3166 conjuges,
857 3087 975 3163 liberos,
993 3094 1025 3146 et
1044 3087 1186 3168 quicquid

168 3178 298 3238 homines
311 3179 358 3238 vel
372 3181 461 3241 ²⁶virs
474 3183 628 3258 estiment,
642 3182 690 3243 vol
708 3189 801 3242 morte
820 3182 974 3243 redimunt.
1017 3185 1036 3214 ¹⁷
1045 3182 1127 3253 Quin
1139 3185 1186 3244 illi

170 3293 207 3336 ex
227 3274 280 3334 hcc
301 3291 415 3334 carcere
437 3283 633 3354 erumperent:
655 3277 745 3337 alium
766 3277 843 3336 domi
865 3295 929 3336 esse
949 3277 1014 3338 cccli
1037 3277 1184 3356 haustum,

169 3371 260 3432 alium
283 3371 358 3430 locis
384 3377 540 3449 aspectum
595 3373 704 3448 Mores,
730 3392 820 3449 sacra,
847 3373 956 3452 lingum
980 3376 1186 3437 commercium

170 3469 260 3529 etiem
272 3489 290 3527 a
302 3466 442 3528 Barbarie
456 3467 563 3543 expeti,
577 3485 642 3544 quae
656 3469 675 3497 ²⁶
683 3469 811 3548 ingenita
824 3469 881 3546 ipsi
892 3469 1029 3530 omissuri
1048 3469 1110 3529 sint
1130 3476 1185 3530 sua

171 3571 286 3642 sponte:
307 3581 366 3622 ncn
382 3562 420 3624 ob
442 3560 523 3620 aliud
541 3567 601 3620 tam
622 3563 792 3639 calamitosi,
806 3566 894 3642 quam
913 3564 991 3643 quod
1011 3564 1072 3622 illis
1085 3585 1185 3624 carere

170 3661 262 3719 coacti
283 3665 384 3720 essent
426 3657 465 3719 Se
485 3659 563 3716 certd
585 3657 746 3718 rediturum
766 3659 803 3718 od
822 3667 940 3738 mactes
953 3667 985 3720 et
996 3660 1027 3718 in
1047 3660 1183 3737 putrium,

169 3761 305 3832 tantoque
318 3755 454 3817 beneficio
468 3755 558 3834 Regis
571 3771 700 3814 usurum.
742 3755 861 3834 Siquos
873 3755 1063 3830 contubernii,
1078 3757 1183 3816 libero-

170 3867 300 3926 rumque,
324 3869 395 3928 qucs
422 3852 547 3912 servitus
568 3851 710 3930 ccdglsset
735 3867 1002 3927 agnosceremur
1027 3851 1183 3928 detineret,
