2520 4390
195 329 252 391 iffi
534 343 678 394 cursrr
705 343 847 384 ouaru

191 483 286 562 uicem
308 481 427 564 dignam
439 485 547 562 exque
560 481 621 560 ipse
634 480 718 560 regni
730 485 880 560 generaret
899 478 1043 540 heredes.
1120 481 1230 542 Formi·

192 578 254 638 nini
269 580 286 607 ¹⁰
297 583 386 638 sextis
399 597 430 638 se
446 579 463 608 ¹¹
473 584 660 650 retenturam,
673 595 782 636 marem
794 575 974 636 reddituram
987 575 1086 652 patri.
1139 578 1229 636 Aler-

193 673 290 750 auder,
305 693 342 734 au
355 693 421 734 cum
433 673 499 751 ipso
509 672 636 732 militare
649 671 746 746 vellet,
761 670 939 748 interrogat3
962 677 993 730 et
1014 670 1083 745 illc,
1102 681 1226 730 causatu

192 767 254 828 sine
267 767 386 828 custode
399 787 518 847 regnum
531 766 689 846 reliquisse,
702 772 800 843 petere
819 763 1023 844 perseverabat
1044 783 1088 824 ne
1105 785 1144 826 se
1160 768 1180 795 ²²
1191 767 1222 824 ir·

191 863 278 924 ritam
292 863 354 942 spei
366 868 512 940 peteretur
524 849 611 921 abire.
643 860 749 920 Acrior
759 859 797 918 sd
807 859 949 920 Venerem
958 859 1097 920 foeminae
1108 861 1222 940 cupido,

192 960 280 1066 qudm
292 957 393 1036 Regis,
407 962 441 1014 ut
452 973 560 1032 paucos
580 955 642 1014 dies
662 954 839 1030 subsisteret,
853 953 990 1032 perpulit.
1045 955 1148 1016 ΧΙΠ
1163 955 1219 1014 dies

191 1051 223 1110 iu
236 1050 404 1130 obsequium
417 1049 595 1110 desiderii
569 1069 631 1128 ejus
644 1049 789 1128 absumpti
802 1056 876 1110 suut
919 1049 995 1108 Tum
1013 1049 1073 1110 illa
1095 1069 1217 1130 reguum

128 1219 130 1222 Ι
156 1152 162 1171 “
192 1163 286 1220 suum,
300 1144 367 1206 Rex
387 1144 583 1220 Parthienem,
597 1145 768 1222 petiverunt

252 1239 309 1301 VI.
335 1242 378 1302 14.
399 1240 460 1300 Hic
481 1242 549 1302 verb
570 1241 692 1319 paldm¹
703 1239 875 1318 cupiditates
899 1257 966 1300 suas
988 1239 1104 1300 solvit:
1130 1242 1206 1300 conti

192 1338 374 1418 nuntiumque
397 1345 428 1400 et
450 1338 717 1414 moderationem,
725 1338 756 1396 iu
783 1337 924 1398 altissimi
946 1341 1065 1416 quaque
1094 1339 1212 1399 fortuni

193 1434 347 1496 eminentia
369 1433 687 1512 boua,1usuperbiam
709 1451 743 1492 ac
766 1431 914 1494 lascivium
935 1431 1033 1494 vertit
1094 1433 1212 1494 Patrios

79 1603 82 1612 Ι
192 1550 287 1592 mores
300 1529 539 1608 disciplinamque
553 1527 743 1590 Macedonum
762 1525 877 1606 Regum
891 1525 1049 1588 salubriter
1071 1535 1211 1608 tempera

193 1632 262 1700 tam,
276 1631 307 1682 et
320 1623 453 1684 'civilem
474 1621 613 1698 habitum,
625 1622 705 1684 velut
725 1621 833 1682 leviora
853 1621 1059 1698 magnitudine
1084 1630 1144 1684 suri
1168 1626 1210 1684 du-

193 1737 270 1793 cens,
284 1717 411 1778 Persicas
423 1716 512 1795 regiae
531 1736 584 1794 par
596 1716 724 1778 Deorum
736 1716 874 1796 potentiae
886 1717 1035 1796 fastigium
1057 1720 1209 1780 aemulabo

193 1818 251 1874 tur.
282 1811 305 1872 J
306 1829 387 1870 acere
399 1810 480 1870 humi
489 1811 707 1872 venerabundos
720 1812 816 1890 ipsum
828 1811 891 1890 pati
903 1812 1209 1895 coepit‚pculat1mque

143 1924 146 1928 ·
193 1907 203 1936 ⁴
213 1906 367 1968 seruilibus
379 1906 548 1968 ministeriis
560 1913 605 1966 tot
614 1907 739 1968 victores
750 1907 884 1988 gentium
893 1907 1029 1982 imbuere,
1044 1917 1079 1968 et
1088 1911 1208 1989 captivis

194 2021 278 2082 pares
290 2002 386 2064 facere
399 2001 559 2082 expetebat.
593 2001 697 2082 Itaque
709 2021 885 2080 purpureum
893 2001 1025 2062 diadema
1038 2003 1208 2064 distinctum

194 2097 269 2174 albo,
282 2096 366 2178 quale
379 2096 486 2158 Darius
498 2097 648 2174 habuerat,
657 2097 745 2176 capiti
755 2096 953 2173 circumdedit,
962 2103 1135 2178 vestemque
1146 2101 1208 2160 Per·

194 2193 285 2255 sicam
298 2193 438 2274 sumpsit:
458 2212 495 2254 ne
504 2213 589 2254 omen
601 2192 718 2272 quidem
731 2193 854 2268 veritus,
868 2192 946 2272 quod
958 2211 976 2251 a
988 2191 1115 2253 victoris
1127 2193 1208 2275 insig

91 2370 99 2376 α
193 2289 279 2352 nibus
289 2291 320 2350 in
334 2289 440 2351 devicti
449 2290 587 2350 transiret
594 2288 733 2352 hobitum.
761 2287 804 2348 Et
816 2288 868 2348 ille
881 2307 913 2347 so
921 2287 1038 2367 quidem
1047 2288 1208 2350 Persarum

195 2385 288 2463 spolia
308 2392 421 2462 gestare
439 2385 561 2462 dicebat,
583 2385 634 2444 sed
655 2404 721 2445 oum
743 2383 803 2444 illis
816 2401 927 2463 quoque
948 2401 1043 2444 mores
1056 2384 1208 2446 induerat:

195 2477 412 2554 superbiamque
432 2477 553 2538 habitus
574 2479 664 2538 animi
685 2477 838 2538 insolentia
861 2477 1038 2557 sequebatur.
1081 2479 1208 2540 Litteras

195 2589 316 2650 quoque,
329 2589 401 2648 quas
414 2569 444 2630 iu
455 2571 601 2648 Europam
613 2573 748 2648 mitteret,
762 2572 871 2634 veteris
884 2571 983 2632 annuli
993 2577 1111 2652 gemme
1122 2576 1208 2654 obsig-

195 2664 299 2728 nabat:
320 2663 365 2740 iis,
379 2665 495 2745 quasin
507 2665 610 2726 Asiam
629 2666 774 2752 scriberet,
788 2667 872 2728 Darii
890 2667 1013 2728 annulus
1032 2667 1207 2746 imprimeba-

195 2767 254 2838 tur,
267 2761 318 2820 'ut
331 2767 491 2840 appareret,
505 2779 595 2820 uuum
608 2762 735 2824 animum
749 2762 870 2822 duorum
879 2781 938 2824 nou
947 2781 1047 2840 capere
1056 2763 1206 2824 fortunam

196 2857 317 2918 Amicos
329 2859 398 2936 verd
417 2863 448 2918 et
470 2856 590 2937 equites,
603 2877 714 2937 unaque
735 2857 781 2918 bis
802 2857 946 2936 principes
967 2855 1106 2934 militum,
1121 2879 1206 2938 asper·

197 2959 299 3012 nentes
312 2952 430 3032 quidem
442 2953 495 3014 sed
507 2972 637 3014 recusare
649 2971 708 3015 uon
727 2971 820 3027 ausos,
835 2951 961 3018 Persicis
979 2959 1136 3014 ornaverat
1153 2973 1206 3015 res

198 3044 285 3106 tibus.

261 3143 306 3200 15.
327 3139 403 3200 Haec
415 3139 486 3200 luxu
498 3149 530 3202 et
550 3141 710 3223 peregrinis
730 3141 837 3201 infecta
854 3140 991 3216 moribus,
1004 3147 1122 3202 veteres
1144 3141 1206 3203 Phi·

197 3232 271 3312 lippi
290 3233 407 3309 milites,
421 3233 503 3296 rudis
523 3237 603 3298 natio
625 3236 664 3298 ad
684 3235 856 3314 voluptates,
869 3235 966 3314 psldm
989 3235 1204 3298 aversabantur:

198 3328 324 3408 totisque
337 3327 440 3388 castris
453 3348 528 3389 unus
538 3331 665 3392 omnium
677 3348 778 3393 seusus
791 3349 824 3390 ac
837 3349 930 3392 sermo
938 3337 1010 3406 erat,
1022 3334 1039 3364 ‘⁴
1050 3331 1118 3408 plus
1131 3333 1204 3392 amis

198 3443 261 3484 sum
274 3422 404 3500 victorii,
417 3425 506 3504 quem
517 3424 596 3486 bello
607 3427 762 3505 quaesitum
775 3445 844 3488 esse.
885 3425 980 3486 'Tum
992 3426 1116 3484 maxime
1136 3426 1204 3488 rinei

198 3519 284 3599 ipsos,
300 3518 420 3600 dedique
433 3519 536 3580 alienis
548 3520 677 3582 moribus
696 3529 727 3582 et
740 3521 894 3604 externis:
915 3523 1025 3582 'tantas
1042 3539 1132 3584 mora
1150 3541 1203 3601 pre

197 3615 281 3692 tium,
296 3614 394 3676 domos
408 3615 490 3699 quasi
509 3615 541 3676 iu
562 3615 675 3694 captivo
696 3617 799 3678 habitu
819 3635 1003 3678 reversuros:
1024 3616 1133 3694 pudere
1150 3620 1204 3694 jam

198 3714 265 3771 sui:
286 3713 408 3792 Regem,
422 3704 508 3772 'victis
520 3712 608 3792 quam
620 3712 781 3775 victoribus
795 3712 971 3788 similiorem,
984 3732 1021 3772 ex
1034 3711 1202 3772 Macedonia

198 3801 373 3884 imperatore
385 3805 470 3870 Darii
483 3807 635 3887 satrapem
647 3809 784 3870 iactum.”
824 3807 882 3878 ¹Ille
894 3823 952 3876 nun
964 3807 1082 3890 ignarus
1093 3814 1123 3868 et
1135 3807 1200 3886 prin
