2610 4388
189 359 245 418 142
532 371 674 422 curura
702 369 843 412 conum

184 511 254 576 bulo
268 511 355 590 regiae
368 512 475 589 praestd
489 509 556 570 sint.
600 507 680 580 Quos
693 507 745 568 ubi
757 507 924 586 frequentes
938 505 1041 566 adesse
1055 503 1203 584 cognovit,

185 608 216 668 in
230 607 394 668 concionem
408 605 557 683 prooessit.
601 603 713 662 'Haud
726 601 812 662 dubie
828 623 864 660 ex
878 601 1037 678 composito
1052 601 1202 678 Apharias

185 701 332 782 postulare
359 701 455 780 coepit,
476 707 511 760 ut
535 699 694 778 Lyncestes
718 697 896 774 Alexander,
922 697 982 774 qni,
1010 696 1104 754 multo
1133 704 1203 756 ante

185 817 271 878 quam
296 795 439 870 Philotas,
460 795 573 874 Regem
596 793 739 854 voluisset
759 791 898 866 occidere,
920 791 1117 851 exhiberetur.
1172 792 1202 850 A
1290 783 1291 858 ζ

185 892 298 952 duobus
312 891 457 951 indicibus
471 889 559 966 (sicut
580 889 671 965 suprd
690 887 830 964 diximus)
846 885 970 962 delatus,
994 886 1116 944 tertium
1139 889 1202 963 jam
1290 919 1291 946 r

186 1007 294 1048 annum
317 984 534 1046 custodiebatur
555 984 586 1042 iu
600 982 731 1042 vinculis.
775 981 920 1040 Eumdem
933 981 964 1040 in
984 980 1119 1060 Philippi
1132 1001 1202 1060 quo-

185 1101 241 1160 qne
269 1080 376 1140 caedem
404 1081 572 1156 conjurasse
599 1097 665 1136 cum
692 1076 849 1151 Pausanitt,
877 1095 930 1154 pro
951 1083 1098 1154 comperto
1121 1077 1201 1136 fuit:

187 1176 238 1237 sed
260 1175 329 1256 quia
349 1175 460 1254 primus
482 1171 682 1233 Alexandrum
705 1172 817 1252 Regem
846 1172 1037 1246 salutaverat,
1056 1171 1201 1250 supplicio
1227 1183 1231 1190 '

185 1271 278 1350 magis
301 1272 389 1350 quem
413 1269 526 1328 crimini
549 1269 646 1328 fuerat
667 1275 827 1346 exemptus.
870 1267 946 1325 Tum
967 1286 1084 1345 qunque
1113 1268 1200 1326 Anti·

185 1367 263 1446 patri
277 1365 369 1426 soceri
382 1367 445 1443 ejus
459 1383 559 1444 preces
579 1365 689 1442 justam
704 1363 796 1442 Regis
810 1363 885 1420 iram
898 1361 1094 1422 morabantur.
1140 1361 1200 1424 Cae

188 1463 287 1522 terrim
300 1461 451 1522 recruduit
464 1467 616 1538 soporatus
640 1458 737 1518 dolor:
759 1457 867 1536 quippe
880 1457 988 1518 veteris
1008 1457 1130 1534 periculi
1145 1478 1200 1517 me

187 1558 307 1617 moriam
322 1557 474 1634 praesentis
497 1575 567 1613 cura
588 1554 750 1612 renovabat.
803 1553 902 1632 Igitur
924 1551 1095 1612 Alexander
1109 1574 1125 1612 e
1140 1573 1200 1612 cus·

186 1653 267 1712 tedit
294 1651 435 1724 educitur,
460 1653 616 1728 jussusque
646 1649 750 1722 dicere,
784 1668 957 1727 quamquam
984 1653 1047 1708 tcto
1074 1649 1200 1708 triennio

185 1745 342 1805 meditatus
376 1751 439 1803 crat
473 1743 677 1817 defensionem,
710 1751 808 1802 tamen
835 1743 972 1804 haesitans
999 1750 1030 1801 et
1057 1744 1199 1821 trepidus,

184 1859 276 1918 pauca
289 1859 326 1898 ex
341 1839 378 1897 iia
398 1857 464 1917 quac
478 1845 685 1916 composuerat,
700 1838 843 1916 protulit:
865 1837 903 1898 od
923 1838 1058 1898 ultimum
1071 1857 1130 1898 non
1143 1860 1199 1898 me·
1258 1845 1261 1850 “

185 1934 277 1993 moria
303 1933 407 2008 scldm,
436 1932 487 1992 sed
514 1932 602 1991 etiam
629 1951 710 1991 mens
738 1953 804 1991 eum
829 1933 973 1992 destituit.
1030 1933 1117 1992 Nulli
1137 1943 1201 1994 crat
1240 1993 1251 2003 ,

186 2029 307 2090 dubium
317 2029 387 2108 quin
400 2028 555 2108 trepidatio
569 2027 770 2089 ⁴ccnscientiae
780 2029 920 2088 indicium
931 2033 1016 2104 esset,
1026 2049 1083 2088 ncn
1094 2050 1199 2090 memo-

178 2125 239 2198 riae
259 2125 371 2186 vitium.
414 2123 519 2204 Itaque
540 2124 597 2184 ‘ex
621 2124 659 2182 iis
679 2124 731 2202 qui
750 2124 882 2201 proxime
904 2124 1068 2199 astiterant,
1082 2124 1197 2184 “obluc-

185 2227 295 2282 tantem
309 2219 403 2282 adhuc
417 2219 566 2296 oblivioni,
579 2219 688 2278 lanceis
703 2219 900 2279 confoderunt.

246 2321 273 2375 2.
301 2315 392 2394 Oujus
414 2335 533 2394 corpore
556 2315 681 2390 sublato,
697 2314 765 2374 Rex
778 2315 924 2374 introduci
935 2315 1025 2394 jussit
1038 2315 1199 2394 Amyntam

186 2417 215 2468 et
230 2411 386 2470 Simmiam.
430 2409 507 2468 Nam
522 2409 664 2468 Polemon
683 2409 819 2469 minimus
833 2429 870 2470 ex
882 2411 1032 2486 fratribus,
1047 2413 1116 2470 edm
1130 2411 1197 2472 Phi·

185 2504 276 2564 lotam
298 2503 428 2581 torqueri
453 2505 648 2581 comperisset,
673 2505 849 2584 profugerat.
904 2503 1044 2566 Omnium
1070 2507 1197 2566 Philoleo
1290 2543 1291 2568 r

186 2598 343 2658 amicorum
364 2598 396 2656 hi
419 2598 562 2656 carissimi
583 2599 706 2674 fuerant,
721 2601 758 2658 ad
778 2621 883 2680 magna
897 2608 927 2660 et
940 2601 1082 2661 honorata
1102 2603 1196 2662 minis·
1290 2593 1291 2602 ¹

185 2692 259 2752 teria
272 2693 351 2752 illius
365 2693 490 2752 maximd
502 2693 707 2772 suffragatione
717 2697 870 2774 producti:
885 2698 1113 2776 memineratque
1130 2699 1197 2758 Rex
1290 2689 1291 2694 ἵ

185 2808 295 2850 summo
319 2787 414 2849 studio
436 2788 472 2850 ab
486 2809 520 2849 ec
541 2789 710 2850 conciliatos
730 2791 796 2852 sibi.
841 2791 904 2850 Neo
925 2793 1089 2868 dubitabat,
1110 2794 1196 2871 hujus

184 2905 298 2964 quoque
325 2885 424 2944 ultimi
450 2885 564 2946 consilii
590 2884 681 2944 fuisse
709 2886 873 2964 participes.
924 2886 1027 2948 'Olim
1055 2907 1117 2948 esse
1141 2887 1196 2949 sibi

185 2986 335 3056 suspectos
362 2979 464 3040 matris
491 3000 552 3041 suae
578 2979 695 3056 litteris,
722 2981 828 3060 quibus
857 2990 934 3040 esset
960 2982 1136 3058 admonitos,
1163 2991 1197 3042 nt

185 3072 222 3132 ab
243 3073 288 3132 his
311 3073 434 3132 salutem
458 3094 540 3134 snam
561 3083 710 3136 tueretur:
742 3076 903 3136 'caeterdm
923 3097 955 3137 se
974 3077 1098 3139 invitum
1119 3079 1196 3138 dete·

184 3167 261 3226 ricra
286 3166 459 3242 credentem,
486 3188 563 3228 nunc
589 3169 752 3230 manifestis
779 3170 895 3232 indiciis
921 3173 1040 3248 victum,
1072 3174 1193 3250 jussisse

184 3261 297 3322 vinciri
341 3261 419 3320 Nam
440 3262 536 3339 pridie
550 3265 640 3344 quam
660 3265 846 3346 detegeretur
867 3265 995 3328 Philctae
1009 3268 1111 3343 scelus,
1125 3269 1194 3348 quin

185 3356 217 3416 in
240 3362 351 3418 secreto
373 3356 514 3435 cumipse
538 3359 671 3434 fuissent,
692 3379 751 3420 non
773 3379 859 3439 posse
884 3362 1019 3423 dubitari.
1062 3362 1194 3424 Fratrem

183 3454 254 3514 verb
279 3451 330 3532 qui
353 3451 522 3530 profugerit,
544 3454 612 3512 edm
636 3453 672 3512 de
695 3455 817 3515 Philota
837 3466 1025 3536 quaereretur,
1050 3459 1193 3536 aperuisse

183 3548 260 3626 fugae
282 3567 405 3608 causam
456 3546 559 3625 Nuper
580 3555 687 3626 praeter
713 3552 961 3627 consuetudinem,
983 3553 1069 3612 officii
1090 3553 1192 3631 specie,

183 3644 288 3703 amotis
301 3643 415 3722 longius
429 3643 551 3718 caeteris,
567 3643 729 3704 admovisse
743 3647 913 3724 semetipsos
937 3648 1022 3706 lateri
1036 3667 1098 3722 suc,
1112 3647 1192 3706 nnllt

182 3737 328 3814 probabili
352 3741 456 3798 must:
490 3757 579 3818 seque
606 3740 758 3800 mirantem
779 3742 858 3820 qudd
881 3743 959 3802 'non
979 3743 1041 3803 vice
1066 3747 1120 3802 sut
1141 3741 1192 3801 toli

182 3830 373 3909 fungerentur
396 3833 496 3908 officio,
517 3841 546 3893 et
566 3835 631 3911 ipsa
659 3836 852 3913 trepidatione
873 3857 972 3896 eorum
999 3838 1190 3915 perterritum,
