2520 4390
332 359 455 402 ursus
483 359 553 400 vir.
583 359 667 400 oar.
695 359 720 399 1.
987 340 1043 405 148

35 499 150 558 strenue
177 497 215 558 ad
237 497 404 576 armigeros,
418 497 468 578 qui
491 497 623 576 proxime
648 497 850 576 sequebantur,
877 495 1041 559 rseessisse.

35 595 53 621 ¹⁰
61 594 110 652 Ad
130 594 192 654 hese
213 593 356 668 secedere,
370 593 449 672 qnod
463 595 530 652 euim
544 594 737 671 Antiphanes,
759 595 777 622 ¹¹
788 593 884 654 sariba
903 593 1043 672 equitum,

34 689 170 766 Amyntae
184 689 398 763 denuntiasset,
412 689 506 768 pridie
527 689 615 767 qudm
636 689 763 748 Philotae
777 689 870 748 seelus
891 688 1042 766 deprehen·

34 802 94 842 sum
109 791 195 857 esset,
209 791 243 842 ut
263 803 301 842 ex
320 783 382 842 suis
396 783 488 862 equis,
502 803 582 842 more
603 783 700 857 solito,
716 782 799 842 daret
817 783 855 842 iis
868 783 920 861 qui
933 783 1041 844 ammu-

34 886 96 936 sent
110 898 192 955 suos;
215 878 339 956 superbe
361 878 554 956 respondisse,
567 879 625 938 nisi
647 879 761 957 incepto
784 879 947 952 desistoret,
961 879 1044 940 brevi

35 973 170 1032 sciturum
184 975 250 1054 quis
272 975 334 1051 ipse
355 981 441 1032 esset.
484 973 556 1033 Jam
576 973 684 1052 liuguae
697 973 877 1048 violentiam,
899 973 1042 1034 temerita-

34 1075 145 1148 temque
172 1069 336 1142 verborum,
364 1089 429 1148 quae
457 1069 487 1126 iu
515 1072 702 1146 semetipsum
732 1070 942 1147 jaeulsrentur,
969 1067 1043 1128 nihil

33 1162 111 1222 aliud
134 1183 206 1238 esse,
220 1165 309 1242 quam
331 1163 447 1222 scelesti
469 1163 558 1222 animi
582 1164 707 1224 indioem
729 1184 762 1222 ae
783 1171 908 1226 testem:
930 1183 996 1242 qum
1018 1163 1043 1224 si

32 1277 98 1316 vera
122 1265 228 1332 esseut,
254 1258 333 1316 idem
356 1259 496 1316 meruisse
525 1276 574 1316 eos
600 1258 679 1335 quod
707 1257 873 1318 Philotam:
908 1260 934 1318 ai
960 1259 1044 1332 falsa,

31 1353 146 1430 exigere
165 1353 262 1430 ipsum
284 1358 318 1410 ut
339 1351 480 1410 refellant.
535 1352 703 1410 Productus
724 1353 829 1412 deinde
851 1353 1045 1430 Antiphanes,

31 1447 66 1506 de
81 1447 164 1526 equis
179 1466 238 1506 non
252 1445 380 1520 traditis,
395 1453 425 1504 et
439 1445 561 1522 adjectis
576 1446 663 1506 etiam
677 1447 803 1524 superbe
815 1448 901 1506 minis
914 1447 1031 1507 indioat

93 1545 119 1601 3.
142 1540 219 1599 Tum
238 1541 392 1618 Amyntas,
415 1540 493 1598 facte
515 1539 630 1599 dicendi
651 1547 814 1619 potestate:
837 1546 855 1577 “
868 1541 932 1602 ”si
945 1541 1046 1617 nihil,”

31 1637 136 1715 inquit,
152 1635 297 1694 “interest
317 1635 418 1714 Regis,
431 1642 508 1713 peto,
522 1642 556 1696 ut
574 1635 648 1696 ¹dum
670 1636 744 1712 dieo,
766 1637 889 1696 vinealis
912 1637 1046 1698 liberer.”

31 1733 96 1792 Rex
109 1731 183 1792 solvi
195 1737 350 1809 utrumque
360 1731 463 1807 jubet:
486 1731 716 1812 desiderantique
730 1733 871 1811 Amyntae
890 1741 924 1792 ut
939 1733 957 1762 ¹⁸
967 1732 1044 1793 habi·

31 1834 77 1886 tus
89 1845 202 1906 quoque
215 1825 393 1900 redderetur,
407 1825 542 1906 armigeri
551 1826 682 1903 lanceam
695 1826 760 1888 dari
777 1829 885 1905 jussit:
904 1849 992 1906 quam
1010 1834 1046 1888 ut

31 1923 103 1983 laeva
117 1920 341 1999 comprehendit,
356 1921 463 1980 evitato
477 1941 510 1980 eo
524 1921 598 1997 loeo,
611 1923 642 1980 in
661 1943 718 2002 quo
734 1923 754 1953 ²⁴
763 1924 923 1984 Alexandri
943 1943 1047 2002 eorpus

31 2018 114 2094 paulo
143 2019 210 2076 ante
234 2019 373 2094 jaeuerat,
404 2020 420 2051 “
433 2015 683 2096 Qualisoumque,”
709 2019 814 2097 iuquit,
842 2020 966 2080 “exitus
993 2037 1047 2080 nos

31 2121 133 2190 manet,
158 2113 232 2188 Rex,
256 2112 428 2187 eonfitemur,
449 2131 618 2190 prosperum
639 2119 772 2172 eventum
797 2113 854 2176 tibi
880 2114 1045 2191 debitmos3

31 2209 197 2284 tristiorem,
211 2208 338 2268 fortunae
351 2207 551 2284 imputaturos.
594 2206 663 2267 Sine
676 2208 843 2284 praejudicio
853 2207 976 2268 dieimua
985 2227 1049 2268 aaa·

31 2324 98 2382 sam,
113 2303 215 2364 liberis
235 2301 404 2380 emporibus
425 2301 603 2378 animisque:
625 2301 754 2361 habitum
776 2303 873 2378 etiam,
892 2302 923 2360 in
942 2321 999 2381 quo
1019 2311 1049 2362 te

31 2399 164 2458 comitari
184 2397 319 2472 solemus,
340 2395 503 2456 reddidisti.
556 2394 681 2456 (larisam
701 2415 759 2456 non
777 2416 938 2476 possumus,
959 2397 1049 2458 fortu-

31 2512 94 2554 nam
106 2496 214 2554 timere
229 2491 417 2554 desinemus.’'

90 2595 106 2625 “
116 2591 165 2662 ue
176 2577 283 2668 quaeso,
297 2587 449 2666 permittas
462 2586 534 2645 mihi
547 2586 579 2646 id
588 2587 713 2665 primim
727 2588 889 2664 defendere,
903 2589 980 2668 quod
990 2610 1009 2650 a
1018 2596 1049 2650 te

31 2685 167 2744 ultimum
181 2685 324 2762 objectum
338 2689 390 2743 est.
432 2679 505 2757 Nos,
520 2682 595 2758 Rex,
610 2683 750 2744 sermonis
765 2683 903 2745 adversus
916 2687 1049 2760 majesta

32 2787 88 2840 tem
109 2788 194 2840 tuam
213 2778 308 2839 habiti
328 2777 435 2836 nullius
456 2777 563 2837 eouseii
585 2797 683 2838 sumus
703 2779 795 2840 nobis
836 2778 981 2852 Dicerem,
988 2780 1050 2854 jam

31 2875 143 2952 pridem
156 2875 260 2935 meisse
273 2880 303 2932 te
316 2871 465 2948 invidiam,
478 2872 535 2932 nisi
548 2871 707 2949 perieulum
720 2879 805 2947 esset,
819 2891 856 2932 ne
875 2872 934 2932 alia
949 2872 1050 2952 malig-

31 2971 97 3029 nius
109 2971 193 3030 dieta
203 2969 335 3028 erederet
347 2967 455 3030 blande
468 2967 598 3028 oratione
611 2967 736 3045 purgari.
760 2965 917 3044 Oaeterdm,
927 2968 1049 3045 etiamsi,

33 3065 135 3126 militis
149 3064 194 3124 tui
206 3064 254 3125 vel
266 3063 297 3122 in
310 3062 424 3142 agmine
437 3061 597 3120 defioientis
612 3068 643 3119 et
656 3061 783 3141 fatigati,
798 3061 844 3122 vel
857 3063 887 3122 iu
900 3063 961 3124 aoie
974 3064 1049 3142 peri-

34 3159 171 3237 clitantis,
184 3159 231 3220 vel
250 3158 282 3217 iu
295 3156 486 3220 -tabernaeulo
508 3155 580 3234 aegri
601 3162 632 3214 et
652 3155 772 3216 vulnera
792 3159 929 3236 aurantis,
953 3159 1070 3240 eliqua¹

34 3274 88 3314 vox
100 3255 229 3334 asperior
240 3259 317 3316 esset
331 3258 454 3330 aeeeptu,
462 3269 660 3310 merueramus
668 3251 792 3316 fortibus
801 3253 937 3331 faetis,ut
948 3255 1050 3314 malles

36 3369 67 3408 ea
81 3353 100 3379 ¹⁶
110 3349 234 3428 tempori
246 3355 347 3408 nostro
360 3347 513 3426 imputare,
527 3349 615 3428 qutm
629 3347 731 3408 auimo.
774 3349 792 3378 ¹⁰
804 3349 881 3411 cum
894 3349 966 3428 quid
979 3347 1050 3406 aoei-

36 3444 78 3502 dit
97 3446 225 3521 tristius,
237 3463 335 3504 omnes
356 3443 400 3506 rei
421 3450 506 3504 sunt:
528 3443 695 3522 corporibus
715 3445 834 3521 nostris,
860 3465 926 3523 qnae
951 3441 1051 3519 utique

36 3557 90 3598 non
103 3541 225 3616 odimus,
239 3539 359 3599 infestas
379 3538 563 3600 admovemus
583 3557 692 3601 manua
735 3539 876 3599 Parentes
895 3534 1004 3608 liberis,
1025 3536 1051 3594 si
1074 3587 1079 3592 .

37 3643 192 3712 oeeurraut,
206 3641 237 3695 et
249 3634 358 3714 ingrati
377 3641 408 3693 et
428 3635 516 3694 invisi
529 3643 603 3695 sunt.
647 3633 767 3708 (lontrt,
782 3634 850 3690 oum
863 3629 947 3688 donis
966 3627 1052 3690 hono·

37 3748 140 3806 ramur,
152 3737 218 3791 eum
230 3729 358 3810 praemiis
372 3731 469 3790 onusti
479 3731 657 3806 revertimur,
669 3731 737 3810 quis
752 3729 770 3756 ¹⁷
780 3727 858 3784 ferre
868 3741 922 3782 nos
931 3725 1051 3801 potest?

36 3825 98 3902 quis
111 3826 193 3886 illam
212 3827 372 3886 animorum
385 3825 565 3887 alteritatem
577 3821 748 3884 continere?
788 3817 980 3882 Militantium
998 3839 1052 3882 neo
