2520 4390
370 389 489 430 urana
515 389 570 429 vr.
598 387 681 430 car.
708 388 742 428 v.
1011 373 1066 432 119

47 531 74 590 ci
89 530 224 605 occurrit,
238 547 333 608 sequa,
348 533 379 588 et
392 547 441 588 eos
461 529 513 608 qui
535 535 604 606 post
624 527 708 588 Darii
727 534 851 588 mortem
864 527 1064 607 profugerant,

46 627 174 701 dedens,
197 625 302 704 quibus
315 625 437 703 benigne
452 625 590 702 exceptis,
606 624 643 682 ad
657 623 796 702 oppidum
811 623 907 682 Arvas
920 625 1061 702 pervenit.

47 723 110 780 Hic
135 723 162 780 ei
189 720 325 780 Craterus
349 727 378 778 et
402 719 542 797 Erigyius
570 727 741 794 occurrunt,
775 718 947 780 Praelectum
969 719 1061 798 Papy-

45 836 146 875 rorum
168 816 261 894 gentis
284 815 461 874 Phradatem
482 815 672 874 adduxerant.
716 813 777 872 Hic
791 833 903 892 quoque
925 815 955 872 in
975 815 1061 874 fidem

45 919 189 988 receptus,
209 909 309 970 multis
335 910 469 988 exemplo
483 911 542 970 fuit
566 908 737 986 experiendi
756 908 939 968 clementiam
960 909 1060 986 Regis.

48 1006 199 1083 Satrapem
210 1006 314 1065 deinde
325 1005 482 1083 Hyrcaniae
491 1005 573 1064 dedit
585 1003 741 1082 Menapim.
768 1003 850 1064 Exul
857 1003 913 1078 hic,
924 1010 1062 1082 regnante

46 1101 138 1175 Ocho,
153 1102 190 1160 ad
205 1101 376 1178 Philippum
391 1107 570 1179 pervenerat.
621 1100 803 1178 'Papyrorum
816 1119 931 1178 quoque
944 1107 1060 1179 gentem

44 1196 189 1254 Phradati
202 1195 339 1258 reddidit.

104 1290 143 1349 V.
169 1293 214 1348 10.
238 1290 366 1369 Jamque
391 1289 458 1348 Rex
479 1289 584 1348 ultima
610 1289 768 1366 Hyrcania
794 1289 963 1362 intraverat,
993 1290 1060 1352 crim

42 1385 221 1458 Artabazus,
236 1385 334 1462 (quem
358 1384 449 1442 Dario
473 1383 674 1442 fidelissimum
694 1384 785 1442 fluisse
806 1385 896 1460 supra
910 1383 1060 1462 diximus)

42 1500 112 1538 cum
134 1479 305 1558 propinquis
327 1477 419 1553 Darii,
433 1497 468 1548 ao¹
488 1478 550 1536 suis
571 1478 681 1552 liberis,
695 1477 868 1557 modicaque
892 1476 1061 1538 Graecorum

41 1574 174 1632 militum
199 1593 294 1648 manu,
322 1574 455 1634 occurrit.
511 1573 654 1632 Dextram
683 1573 812 1634 venienti
839 1573 948 1632 obtulit
975 1573 1059 1632 Rex:

40 1669 152 1747 quippe
166 1677 197 1728 et
210 1669 314 1747 hospes
330 1669 460 1747 Philippi
480 1670 584 1743 fuerat,
606 1670 683 1744 culm,
701 1668 783 1729 Ocho
798 1676 946 1746 regnante,
961 1669 1060 1728 exula-

40 1772 105 1842 ret;
128 1767 179 1824 ¹et
201 1765 322 1843 hospitii
344 1765 466 1845 pignora
490 1766 520 1824 in
541 1765 654 1844 Regem
676 1783 759 1824 suum
773 1765 810 1824 ad
831 1764 968 1823 ultimum
986 1765 1059 1824 fides

41 1868 212 1920 conservata
233 1861 374 1923 vincebat.
436 1861 566 1922 Comiter
593 1862 684 1941 igitur
711 1869 860 1940 exceptus,
891 1864 907 1894 “
921 1861 968 1920 Τιι
995 1860 1058 1939 qui-

41 1955 142 2030 dem,‘'v
153 1955 257 2035 inquit,
271 1960 287 1990 “
299 1957 376 2032 Rex,
391 1962 533 2035 perpetua
547 1957 687 2016 felicitate
701 1957 812 2016 floreas.
864 1955 929 2035 Ego
943 1956 1058 2016 caeteris

39 2051 138 2126 laetus,
152 2052 208 2111 hoc
231 2072 289 2111 uno
313 2059 459 2131 torqueor,
481 2053 559 2131 quod
582 2053 727 2130 praecipiti
751 2058 899 2111 senectute
923 2051 975 2110 diu
999 2051 1058 2112 frui

39 2149 95 2205 tuh
109 2147 241 2206 bonitate
254 2167 312 2206 non
325 2148 462 2225 possim.¹’
515 2147 745 2226 Nonagesimum
759 2153 790 2206 et
802 2147 936 2224 quintum
951 2165 1059 2204 annum

39 2241 154 2319 agebat
198 2239 311 2302 Novem
331 2245 462 2318 juvenes,
477 2261 575 2300 omnes
600 2241 702 2300 eadem
723 2247 816 2300 matre
830 2241 931 2319 geniti,
945 2247 1059 2318 patrem

39 2337 264 2396 comitabantur.
309 2337 375 2396 Hos
397 2337 563 2396 Artabanus
588 2337 701 2396 dextrae
723 2325 817 2414 Regis
839 2335 977 2414 admovit,
996 2355 1058 2412 pre·

38 2441 125 2492 catus
139 2440 174 2490 ut
187 2431 300 2492 tamdiu
313 2433 445 2493 viverent
459 2432 548 2492 donec
562 2432 649 2491 utiles
664 2432 834 2492 Alexandro
849 2438 953 2490 essent.
990 2432 1058 2492 Rex

38 2529 165 2606 pedibus
189 2529 247 2588 iter
268 2527 440 2608 plerumque
462 2529 596 2589 faciebat.
653 2528 736 2588 Punc
763 2527 912 2587 admoveri
941 2528 998 2588 sibi
1026 2536 1057 2588 et

39 2624 189 2685 Artabazo
212 2645 302 2705 equos
324 2625 423 2704 jussit,
445 2645 491 2703 ne,
512 2625 574 2703 ipso
596 2625 778 2703 ingrediente
805 2624 937 2702 pedibus,
966 2644 1057 2684 senex

39 2740 114 2799 equo
128 2721 194 2780 vehi
214 2721 404 2781 erubesceret.
447 2721 570 2796 Deinde,
581 2728 616 2780 ut
629 2728 724 2788 castra
737 2727 806 2779 sunt
819 2719 925 2797 posita,
937 2718 1056 2780 Graeoos

38 2836 114 2893 quos
137 2817 301 2876 Artabanus
325 2816 494 2891 adduxerat,
522 2816 675 2876 convocari
699 2815 791 2892 jubet
848 2814 893 2872 At
918 2813 973 2888 illi,
999 2814 1057 2874 nisi

41 2909 271 2968 Lacedaemoniis
284 2929 398 2990 quoque
421 2918 452 2970 et
473 2911 683 2988 Sinopensibus
702 2909 776 2968 fides
798 2908 924 2982 daretur,
939 2928 1054 2987 respon·

40 3005 123 3080 dent,
152 3023 183 3063 se
210 3003 281 3083 quid
308 3005 451 3082 agendum
478 3006 549 3085 ipsis
576 3007 652 3064 soret
680 3003 898 3064 deliberaturos.
950 3004 1055 3085 Legati

41 3108 126 3160 erant
149 3099 436 3160 Lacedaemoniorum
458 3101 542 3160 missi
564 3100 602 3160 ad
629 3099 760 3175 Darium,
782 3119 838 3178 quo
858 3100 943 3179 victo,
963 3101 1054 3180 appli·
1076 3097 1094 3165 ”,

42 3202 162 3254 cuerant
175 3213 206 3254 se
222 3193 334 3255 Graecia
347 3193 479 3254 mercede
500 3193 578 3272 apud
601 3193 708 3252 Persas
731 3194 932 3256 militantibus.
976 3197 1053 3270 Rex,

43 3291 156 3350 omissis
180 3291 367 3368 sponsionum
399 3289 525 3368 fideique
551 3289 729 3367 pignoribus,
756 3291 854 3352 venire
881 3311 931 3352 eos
955 3291 1054 3369 jussit,

43 3385 195 3460 fortunam,
220 3405 306 3464 quam
328 3385 391 3464 ipse
416 3385 555 3460 dedisset,
580 3385 740 3446 habituros.
793 3383 854 3446 Diu
874 3391 1054 3458 annotantes,

43 3478 187 3560 plerisque
210 3481 332 3542 consilia
357 3480 546 3555 variantibus,
571 3481 690 3540 tandem
709 3489 847 3542 venturos
868 3501 899 3539 se
920 3478 1053 3556 pollicen-

46 3579 99 3632 tur.
141 3576 186 3634 At
210 3575 399 3636 Democrates
420 3576 620 3652 Atheniensis,
640 3577 692 3657 qui
714 3577 839 3635 maxime
862 3571 1055 3632 Macedonum

47 3669 145 3744 opibus
169 3691 280 3749 semper
301 3671 464 3746 obstiterat,
486 3673 572 3732 venit
596 3673 758 3750 desperata,
785 3667 883 3745 gladio
907 3683 938 3722 se
963 3671 1055 3724 trans·

46 3760 114 3840 figit.
157 3765 274 3840 (laeteri,
289 3767 366 3826 sieut
389 3767 610 3840 constituerant,
633 3765 738 3824 ditioni
759 3759 924 3820 Alexandri
946 3760 1054 3840 seipsos

47 3861 235 3931 permittunt:
256 3861 336 3922 mille
351 3869 382 3921 et
402 3881 423 3920 n
442 3863 552 3922 milites
566 3866 656 3920 amnt.
710 3856 824 3915 Praeter
839 3854 900 3925 hos,
915 3855 1003 3936 legati
1017 3857 1054 3918 ad
