2520 4390
338 389 460 430 ursus
489 391 557 431 vrr.
588 391 674 432 aar.
713 393 756 433 11.
999 379 1055 440 147

46 525 135 586 eiliati
148 527 238 588 animi
260 527 305 586 tui
326 527 458 606 pignna¹’
499 527 645 588 (ionoione
658 529 764 590 deinde
784 531 913 608 dimisse,
929 532 1053 614 Polydm

17 665 18 670 κ
45 629 140 680 manto
153 620 251 682 voesri
269 623 359 700 jubet.
412 623 513 700 Longe
536 625 752 701 eoeeptissimns
775 626 959 686 Parmenioni
980 637 1052 704 eret,

46 717 193 792 proximus
206 717 291 776 lateri
304 718 333 776 in
348 718 410 778 soie
423 726 504 778 stare
515 719 626 778 solitus
679 719 722 778 Et
735 741 897 800 quanquam
910 724 1052 784 oonseien·

44 809 89 868 tio
112 811 206 870 fretus
228 811 258 872 in
278 812 387 889 regium
412 819 549 888 senerat3
578 817 675 872 tamen
698 821 734 872 ut
751 817 851 890 jussus
873 823 918 875 est
946 819 1052 878 iratres

44 923 113 964 auos
125 906 258 966 exhibere
272 906 431 966 ednod-dm
450 909 582 983 juvenes,
597 915 628 966 et
641 908 719 987 Regi
741 909 856 986 ignotos
869 911 906 970 ob
925 919 1051 988 aetutem,

43 1000 148 1060 iidneit
170 1002 200 1060 in
222 1002 447 1062 sollicitudinem
460 1005 553 1076 varst,
568 1002 715 1080 trepidare
736 1005 840 1082 eoepit;
863 1007 972 1084 saepids
985 1027 1051 1087 qous

42 1113 142 1156 noeere
163 1103 291 1173 possent,
306 1098 394 1175 qudm
414 1097 520 1175 quibus
542 1097 681 1172 eluderet,
695 1106 840 1176 reputans.
883 1099 952 1162 Jam
967 1103 1052 1162 armi·

40 1190 101 1268 geri
122 1191 229 1270 quibus
252 1192 428 1267 imperatum
449 1199 522 1265 erat,
550 1191 749 1268 produxerant
774 1212 833 1268 eos,
856 1197 924 1254 oiim
952 1217 1050 1256 exsen-

38 1305 125 1363 guem
146 1294 228 1346 metu
250 1285 466 1362 Polydamanta
478 1287 597 1362 propiis
619 1287 757 1346 eooedere
775 1289 879 1364 jubet:
900 1289 1051 1352 submotis·

38 1399 95 1458 que
109 1381 252 1454 omnibns,
272 1382 289 1414 “
300 1379 441 1452 Soelere‚’¹
456 1379 561 1457 inquit,
577 1379 807 1440 “Parmenionis
821 1401 919 1442 omnes
942 1385 1054 1461 pariter

37 1474 164 1550 appetiti
191 1491 308 1532 sumus:
342 1473 468 1532 maxime
494 1491 548 1550 ego
574 1493 608 1532 eo
634 1481 676 1546 tn,
695 1493 771 1552 quos
797 1475 933 1538 amicitiae
959 1479 1053 1556 speeie

39 1567 167 1628 fefellit:
197 1568 235 1626 ad
254 1587 339 1646 qnam
359 1567 589 1645 persequendum
608 1568 841 1648 puniendumque
865 1571 944 1646 (vide
967 1591 1053 1651 qnan-

40 1667 106 1724 tum
119 1662 189 1723 fidei
211 1669 270 1724 tuae
284 1661 410 1739 eredsm)
425 1669 455 1720 te
468 1663 601 1722 ministro
623 1663 668 1722 nti
688 1664 788 1722 statui.
832 1663 968 1741 Obsides,
982 1667 1052 1728 dnm

38 1757 94 1818 hoo
120 1759 245 1836 peragis,
273 1765 359 1818 amnt
378 1759 485 1818 fratres
505 1759 558 1818 tui.
600 1759 789 1819 Profioisoere
811 1759 841 1820 in
863 1761 1000 1837 Mediam,
1021 1771 1052 1823 ot

38 1852 75 1910 ad
90 1852 252 1917 Praeieoto‘a
265 1871 345 1914 moos
358 1853 471 1912 litteras
492 1853 615 1931 seriptes
628 1873 715 1912 manu
735 1859 802 1913 met
814 1856 920 1933 parter.
963 1856 1052 1918 Velo-

38 1947 128 2006 citate
142 1965 215 2025 opus
229 1954 282 2021 est,
303 1951 362 2027 qne
376 1947 557 2006 eeleritutem
576 1948 660 2008 fumae
673 1949 836 2010 mteeadau
879 1949 978 2012 Noetu
990 1971 1051 2029 pon

37 2042 138 2102 venire
160 2050 191 2102 te
213 2042 284 2100 illue
307 2042 391 2118 v0103
412 2049 528 2119 postero
553 2042 600 2100 die
619 2063 686 2122 qum
707 2043 818 2121 seripta
838 2053 924 2117 erunt
937 2046 1050 2125 exequi.

36 2137 90 2196 Ad
116 2136 339 2212 Parmenionem
357 2141 471 2215 qnoque
496 2136 634 2213 epistolas
652 2138 748 2197 feres:
769 2157 857 2196 unum
876 2159 894 2198 a
913 2157 969 2214 me,
984 2141 1054 2200 alte·

34 2249 102 2290 ram
127 2228 257 2290 Philotae
278 2229 393 2288 nomine
416 2230 562 2306 scriptam.
605 2229 727 2309 Signum
741 2231 841 2290 annuli
861 2233 924 2308 ejus
938 2233 969 2290 in
988 2237 1054 2294 met

35 2331 187 2404 potestate
210 2330 263 2384 est.
305 2322 354 2384 Sio
377 2331 468 2402 pater,
483 2324 603 2384 eredens
623 2343 642 2382 a
662 2324 723 2384 filio
737 2325 918 2403 impressum,
939 2329 1004 2386 adm
1024 2333 1054 2388 te

35 2420 157 2493 viderit,
171 2418 247 2478 nihil
259 2419 400 2478 metuet.”

96 2518 124 2573 6.
147 2513 325 2592 Polydamas
338 2520 420 2574 tanto
434 2513 576 2576 liberatus
589 2522 678 2589 metu,
692 2515 850 2594 impensids
862 2516 951 2576 etiam
964 2519 1053 2597 quarn

36 2609 219 2689 exigebatur,
241 2609 387 2688 promittit
409 2628 534 2688 oporam
586 2609 834 2691 Collaudatnsque
854 2619 884 2671 ot
901 2614 1053 2690 promissis

35 2711 186 2779 oneratus,
214 2705 347 2782 depositi
369 2712 451 2764 veste
478 2723 565 2784 qnam
589 2704 725 2782 habebut,
754 2707 884 2767 Arabiod
910 2708 1052 2768 induitur.

36 2801 104 2860 Duo
130 2801 255 2874 Arabas,
279 2803 403 2879 quornm
426 2801 546 2860 interim
570 2805 708 2881 onningea
730 2821 764 2860 ae
787 2802 884 2875 liberi,
907 2802 1054 2862 vinonlnm

33 2896 116 2968 fidei,
131 2893 248 2956 obsides
269 2895 347 2971 apud
366 2895 479 2972 Regem
497 2903 588 2970 erant,
603 2895 665 2954 dati
688 2896 818 2954 comites.
861 2895 920 2956 Per
940 2895 1054 2958 deserta

34 2991 129 3052 etiam
142 2988 181 3050 ob
194 2989 354 3048 siooitatem
375 2989 448 3065 loea,
462 2991 581 3050 nemetis
602 2991 757 3050 undecima
779 2989 835 3065 die,
849 2993 908 3072 qud
931 2992 1052 3052 destine-

34 3093 131 3160 verat,
155 3084 335 3162 perveniunt.
389 3083 432 3142 Rt
454 3086 538 3162 pride
564 3087 654 3165 qudm
680 3086 773 3162 ipsius
798 3088 984 3148 nunoiaretur
1005 3093 1052 3150 ad·

35 3189 154 3256 ventus,
168 3183 269 3240 rnrsda
292 3178 469 3257 Polydamas
482 3187 593 3240 vestem
615 3179 833 3241 Maoedonioem
854 3185 952 3262 sumit,
973 3193 1003 3246 et
1023 3188 1054 3246 in

36 3275 255 3338 tenementum
272 3273 411 3336 Cleandri
425 3275 552 3350 (Praetor
571 3275 619 3334 hio
632 3276 730 3356 regius
743 3282 817 3358 eret)
832 3285 938 3358 qnertt
952 3281 1055 3358 vigilia

36 3370 179 3449 pervenit.
221 3370 361 3430 Redditis
383 3369 490 3430 deinde
510 3370 627 3446 litteris,
640 3373 855 3434 eonstitnernnt
875 3376 970 3454 prime
990 3374 1054 3433 lnee

37 3467 75 3526 nd
104 3466 327 3526 Parmenionem
359 3466 437 3526 eoire
505 3465 638 3546 Namque
665 3469 764 3529 oratori
797 3489 920 3549 quoque,
948 3468 1055 3546 quibus

37 3561 155 3622 litteras
176 3560 270 3637 Regis
293 3561 442 3636 attulerat,
470 3560 508 3620 ed
531 3579 598 3621 eum
620 3563 738 3624 uenturi
761 3572 851 3622 erent.
895 3563 965 3620 Jam
986 3561 1055 3622 Per·

38 3657 168 3716 munioni
182 3657 395 3734 Polydamanta
407 3658 520 3718 venisse
533 3659 760 3720 nuntiaverunt:
782 3657 833 3734 qni
854 3655 925 3714 dnm
939 3655 1056 3717 laetatur

40 3752 168 3810 adventu
192 3751 286 3826 amisi,
310 3751 452 3831 simulque
473 3751 700 3831 noscendique
724 3751 792 3809 Rex
820 3755 928 3827 egeret,
954 3751 1057 3813 avidus

41 3845 163 3924 (quippe
186 3846 274 3926 longo
297 3847 450 3908 interuallo
464 3845 574 3908 nnllam
599 3847 636 3908 ab
655 3864 691 3906 eo
712 3842 867 3922 epistolam
893 3851 1056 3928 aoeeperat)
