2642 4386
194 435 250 500 196
538 447 679 499 ournrr
705 447 846 489 oraru

189 591 279 669 quim
303 587 354 649 ille
376 585 479 648 eedem
499 607 547 646 me
569 586 714 646 dicentem
734 585 859 646 tulisset.
902 583 1019 660 Regum
1040 581 1207 661 dnaurnqne

188 684 343 743 elementis
363 703 421 743 non
444 683 475 741 in
498 683 628 760 ipsorum
649 681 744 757 modo,
768 679 929 741 sedetiam
954 679 985 736 iu
1007 677 1134 750 illorum,
1153 677 1207 756 qui

189 787 301 858 parent,
315 779 441 859 ingeniis
465 779 522 838 situ
541 785 594 837 est.
638 776 786 856 Obsequio
800 775 971 853 mitigentur
992 773 1130 852 imperia:
1151 772 1206 833 ubi

189 875 258 934 roro
271 874 435 934 reverentie
457 873 582 932 excessit
594 872 706 948 animis,
720 879 751 932 st
772 889 884 932 summe
903 869 969 928 imis
989 867 1205 942 oeniandimus,

189 969 219 1029 vi
233 987 305 1046 opus
318 974 374 1043 est,
387 974 422 1026 ut
435 967 494 1026 rim
506 966 707 1044 repellamus.”

248 1063 265 1098 “
278 1063 338 1123 Sed
350 1062 421 1142 quid
436 1081 490 1140 ego
503 1062 599 1137 mirer,
614 1062 735 1122 'istum
743 1060 947 1120 crudelitatem
966 1057 1039 1118 mihi
1052 1056 1205 1135 objecisse,

189 1157 241 1237 qui
262 1158 414 1218 avaritiam
435 1157 609 1235 exprobrare
623 1175 710 1216 nasus
730 1156 791 1216 siet
834 1154 863 1214 N
866 1155 912 1216 olo
927 1153 1056 1232 singulos
1069 1155 1205 1214 vestrum

206 1253 344 1328 excitare,
366 1272 403 1312 ue
424 1253 547 1312 invisam
570 1252 775 1312 liberalitatem
799 1271 892 1310 meum
916 1249 1028 1323 faeiem,
1048 1248 1075 1308 si
1097 1247 1206 1326 pudori

192 1357 286 1410 vestro
300 1349 533 1428 gravemfeoero.
577 1347 685 1408 Totum
699 1347 857 1406 exereitum
871 1345 1000 1424 ospioite.
1043 1342 1102 1415 Qui
1114 1343 1204 1421 pauld

190 1447 260 1506 onte
274 1445 348 1504 nibil
361 1451 468 1522 prester
482 1463 562 1504 erma
575 1443 728 1518 habebunt,
739 1461 816 1502 nuno
830 1441 973 1520 argenteis
988 1439 1096 1500 orbant
1109 1438 1204 1514 lectis,

189 1557 303 1600 menses
317 1557 387 1598 euro
402 1545 530 1612 onerent,
545 1557 647 1617 greges
668 1557 817 1598 servorum
831 1535 951 1611 duount,
966 1533 1058 1613 spolie
1081 1533 1117 1593 de
1138 1532 1205 1594 hos‘

190 1634 269 1694 tibus
283 1633 427 1692 sustinere
441 1651 497 1692 non
510 1633 662 1710 possunt.”

249 1728 324 1786 “At
344 1727 421 1786 enim
445 1727 554 1802 Persae,
576 1745 648 1805 qnos
670 1726 802 1800 visimus,
821 1725 853 1786 iu
876 1745 980 1804 magno
1004 1724 1112 1784 bonore
1133 1729 1206 1784 sunt

119 1875 126 1883 .
189 1821 266 1899 apud
280 1820 343 1880 mel
385 1821 531 1900 Equidem
541 1821 748 1880 moderationis
768 1841 841 1882 mem
854 1821 1049 1882 certissimum
1062 1820 1205 1880 indioium

189 1915 335 1995 estquod
358 1935 395 1974 ne
415 1916 502 1977 vietis
523 1915 641 1994 quidem
665 1916 788 1994 superbe
814 1916 933 1994 impero.
976 1916 1056 1976 Veni
1076 1915 1152 1976 enim
1172 1916 1205 1976 in

189 2013 301 2090 Asiam,
314 2031 371 2072 non
394 2019 430 2072 ut
453 2010 589 2071 fnnditds
610 2019 770 2071 everterem
793 2019 904 2090 gentes,
918 2031 972 2073 nee
993 2019 1030 2070 ut
1053 2012 1204 2072 dimidiam

189 2115 301 2187 partem
315 2115 458 2166 terrarum
473 2105 661 2168 solitudinem
674 2107 816 2167 feosrem:
838 2107 890 2166 sed
902 2114 937 2166 nt
950 2107 1026 2182 illos,
1038 2125 1110 2186 quos
1124 2107 1203 2168 bello

189 2204 376 2282 subegiseem,
400 2202 533 2264 vietorioe
555 2221 707 2262 memnon
733 2202 893 2280 poeniteret.
944 2201 1051 2281 Iteque
1074 2203 1204 2264 militent

190 2299 346 2373 nobiseum,
357 2317 411 2376 pro
424 2297 545 2376 imperio
555 2305 653 2358 vestro
668 2298 835 2376 sanguinem
849 2297 984 2374 fundunt,
994 2299 1045 2376 qui
1060 2298 1202 2376 ‘superbi

189 2394 282 2454 habiti
306 2393 504 2454 rebelltssent.
554 2393 623 2453 Non
647 2401 693 2452 est
720 2394 859 2453 diuturne
882 2394 1035 2471 possessio,
1058 2395 1090 2454 iu
1116 2413 1203 2474 quam

188 2487 286 2564 gladio
311 2487 492 2562 indusimur;
523 2488 725 2548 benefieiorum
748 2489 844 2567 gretie
865 2490 1041 2567 sempiterne
1062 2496 1115 2550 est.
1169 2489 1203 2550 Si

190 2582 294 2642 babere
309 2581 420 2656 Asiam,
435 2581 512 2640 “non
526 2582 648 2640 transire
661 2583 803 2660 volumus,
817 2603 883 2642 oum
903 2585 949 2643 his
964 2585 1203 2646 communicanda
1316 2573 1317 2586 ¹

188 2684 347 2738 ostnostra
360 2676 520 2736 elementia
564 2675 680 2736 Horum
692 2677 764 2738 fides
785 2678 891 2738 subto
910 2687 941 2738 et
958 2687 1100 2742 aeternum
1113 2681 1203 2740 furiet
1315 2741 1316 2769 ,

190 2774 361 2853 imperinm:
382 2780 413 2834 et
426 2791 494 2832 sane
507 2771 574 2851 plus
587 2771 735 2846 habemus,
749 2773 838 2852 qutm
852 2774 989 2852 sapimus.
1018 2774 1201 2836 Insatiabilis
1259 2851 1267 2856 ,

189 2879 288 2930 numm
311 2867 620 2945 amitteremus
643 2867 763 2946 implere
785 2867 869 2944 velle,
892 2870 971 2949 quod
995 2872 1057 2948 jam
1080 2871 1201 2932 eiroum·

189 2965 209 3022 fl
233 2965 238 2978 ⁸
267 2966 284 2996 il

210 2973 287 3092 mt‘l'
300 3059 511 3120 Verumtamen
529 3079 628 3120 eornm
650 3077 745 3120 mores
767 3060 799 3120 in
823 3060 997 3122 Mooodones
1017 3061 1199 3122 transfundo.

191 3153 228 3212 In
248 3153 349 3212 multis
363 3155 457 3214 'enim
478 3156 615 3235 gentibus
638 3173 701 3216 esso
721 3156 807 3218 video
828 3177 894 3236 ques
917 3177 976 3218 nou
997 3158 1200 3220 erubescamus

191 3249 308 3308 imitari
350 3249 415 3309 Nee
427 3251 514 3311 aliter
533 3259 649 3312 tantum
668 3251 822 3330 imperium
835 3255 903 3328 apte
916 3254 979 3332 regi
991 3261 1097 3332 potest,
1110 3256 1201 3334 qudru

191 3343 371 3426 ntqnaedsm
384 3344 577 3404 ettradrmus
590 3346 660 3421 illis,
674 3348 755 3408 stab
768 3348 873 3408 iisdem
886 3347 1060 3410 disoumns.”
1309 3415 1310 3424 ,

250 3445 267 3476 “
278 3439 361 3501 illud
373 3440 447 3519 pond
461 3439 580 3519 dignum
593 3440 656 3500 risu
668 3441 735 3516 fait,
746 3443 823 3521 quod
837 3443 1017 3506 Hermolaus
1029 3443 1201 3523 postulabat

189 3555 275 3614 eme,
289 3543 325 3596 nt
337 3553 485 3598 evermor
499 3534 522 3594 J
523 3553 615 3610 orem,
629 3538 712 3614 eujus
726 3537 841 3598 ornoulo
855 3557 1001 3617 ognosoor.
1044 3541 1094 3600 Au
1108 3539 1199 3600 etiam
1308 3533 1309 3536 '

188 3633 259 3712 qaid
274 3632 325 3692 Dii
337 3629 538 3711 respondeant,
552 3629 583 3688 iu
595 3633 661 3688 met
680 3637 826 3708 potestate
839 3634 910 3694 est?
960 3633 1080 3696 Obtulit
1089 3651 1195 3694 nomen
1307 3649 1308 3652 ’

186 3729 240 3786 lilii
254 3729 342 3787 milri:
361 3727 509 3806 'resipere
533 3725 604 3804 ipsis
626 3725 722 3802 rebus,
735 3746 810 3806 ques
829 3729 954 3809 egimus,
966 3730 1045 3790 houd
1066 3729 1195 3790 elienum

186 3821 251 3880 suit
292 3821 415 3884 Utinam
436 3822 506 3884 Iudi
527 3839 641 3902 qusque
661 3821 757 3884 Deum
777 3843 840 3884 esse
863 3845 910 3886 me
930 3824 1059 3886 erodant
1102 3824 1196 3886 saut
