2622 4382
188 367 249 424 ttbc
530 377 669 429 cursui
697 377 852 420 enanis.

187 521 265 584 bnt
313 519 436 580 desueti
456 517 509 582 sub
532 517 614 598 Rege
635 517 740 593 rivere,
766 535 824 578 uon
850 515 949 591 alium,
975 515 1027 596 qui
1052 513 1209 594 imperaret

187 615 268 694 ipsis,
282 615 444 696 digniorem
457 614 549 674 fuisse
569 614 782 674 confitebantur.
825 611 887 671 Nec
905 611 998 672 muris
1011 610 1093 672 urbis
1112 610 1209 672 luctus

188 710 396 785 continebatur,
411 709 463 770 sed
485 709 644 787 proximam
664 707 810 788 regionem
831 707 868 768 ab
887 710 930 782 et,
945 703 1052 766 daiudb
1072 725 1209 785 magnam

186 813 299 886 portem
312 805 396 866 Asiee
409 805 452 864 cis
464 805 644 882 Euphratem
664 803 741 864 tanti
761 802 831 862 mali
851 802 928 862 foma
941 807 1115 880 pervaserat
1158 799 1210 860 Ad

188 901 272 962 Darii
294 905 409 981 queque
431 907 554 960 matrem
581 899 713 960 celeriter
735 898 848 976 perlata
874 905 926 958 est
978 897 1120 960 Abscissa
1140 915 1209 976 ergo

188 1005 276 1072 vera,
289 1001 347 1075 qut
368 995 471 1056 induta
492 1001 565 1070 erat,
581 994 734 1074 lugubrem
755 995 899 1072 sumpsit:
920 993 1111 1072 laceratisque
1124 993 1210 1054 crini·

187 1093 250 1167 bus,
264 1091 345 1150 humi
367 1109 470 1168 eorpus
491 1089 605 1168 abjecit.
647 1089 806 1152 Assidebat
825 1089 853 1148 ei
876 1091 895 1118 ²⁰
905 1089 998 1148 altera
1010 1108 1048 1148 ex
1059 1089 1208 1166 neptibus,
1307 1081 1308 1088 ἶ

187 1207 278 1266 nuper
292 1186 429 1246 amissum
441 1185 687 1264 Hephaestionem,
701 1185 908 1262 urinupserat,
922 1185 1043 1264 lugens,
1064 1185 1210 1263 proprias·
1307 1231 1308 1252 ,

188 1305 244 1366 que
266 1302 367 1344 causas
389 1282 499 1344 doloris
520 1282 551 1342 iu
572 1283 714 1343 communi
735 1281 875 1342 moestitia
891 1281 1106 1343 ”retractabat
1150 1281 1211 1342 Sed
1307 1345 1308 1354 ,

190 1381 319 1442 omnium
339 1399 456 1442 suorum
478 1379 555 1438 mela
577 1379 755 1458 Syeigambis
775 1397 834 1438 una
855 1377 993 1456 capiebat
1033 1375 1095 1436 Illa
1114 1397 1208 1452 suam,

189 1474 383 1554 illeneptium
395 1474 596 1536 vicemdebat
637 1474 749 1534 Recens
763 1473 844 1532 dolor
857 1471 1109 1550 etiomproeterita
1128 1492 1210 1533 revo-
1307 1479 1308 1484 ’

188 1578 312 1632 camut
353 1567 494 1631 Crederes
506 1570 591 1630 modb
605 1571 744 1631 amissum
754 1569 885 1642 Darium,
901 1569 921 1598 ¹⁸
932 1574 963 1626 et
974 1567 1083 1644 pariter
1096 1567 1211 1630 miserae
1307 1619 1308 1624 ,

189 1666 311 1726 duorum
336 1663 460 1724 liliorum
487 1664 622 1742 exequias
648 1681 711 1726 esso
738 1663 890 1724 ducendas.
945 1661 1051 1724 Flebat
1077 1671 1210 1727 mortuos

188 1759 275 1820 simul
287 1759 433 1836 vivosque.
476 1757 568 1828 Quem
581 1759 656 1818 euim
676 1759 838 1837 puellarum
859 1766 989 1818 acturum
1008 1777 1072 1818 esse
1087 1759 1210 1820 curam?
1307 1767 1308 1792 ¹

189 1853 284 1924 Quem
297 1853 387 1912 alium
408 1854 541 1914 futurum
562 1853 787 1914 Alexandrum?
827 1854 941 1914 Iterum
961 1873 1023 1914 esse
1044 1874 1074 1914 re
1089 1861 1207 1933 captas3

188 1949 295 2008 iterum
321 1949 461 2010 excidisse
486 1967 582 2028 regno.
638 1947 696 2020 Qui
721 1956 834 2010 mortuo
858 1939 947 2010 Dario
971 1951 1048 2028 ipsas
1068 1957 1209 2026 tueretur,
1307 1993 1308 2008 r

190 2044 348 2122 reperisse:
382 2043 432 2123 qui
455 2051 520 2122 post
544 2043 743 2104 Alexandrum
764 2045 926 2122 respiceret,
954 2045 1055 2123 utique
1080 2065 1140 2106 nou
1166 2065 1209 2106 re

190 2148 330 2220 pertures.
372 2139 496 2200 Subibat
519 2139 596 2200 inter
617 2139 679 2200 beec
701 2141 835 2215 animum,
849 2140 996 2220 octogiuta
1014 2140 1121 2200 fratres
1142 2161 1209 2200 suos

191 2237 292 2297 eodem
305 2236 352 2296 die
362 2236 403 2297 ab
419 2235 501 2306 Ocho
515 2235 671 2296 saevissimo
693 2235 809 2315 Regum
821 2235 990 2311 trucidatos,
1005 2235 1209 2316 adjectumque

190 2332 283 2410 stragi
295 2339 340 2392 tot
360 2332 485 2392 filiorum
506 2339 626 2410 petrem.
669 2331 695 2392 ll
718 2338 828 2409 septem
847 2331 957 2407 liberis,
971 2351 1042 2411 quos
1061 2333 1210 2412 genuisset

190 2426 263 2502 ipsa,
289 2426 405 2484 ¹'ererum
428 2445 596 2504 superesse:
628 2427 723 2503 ipsum
746 2427 869 2486 Darium
894 2427 1024 2486 floruisse
1050 2428 1209 2506 paulisper,

189 2527 224 2578 ut
237 2519 385 2579 crudelius
408 2527 506 2596 posset
518 2520 660 2598 extingui.
701 2520 752 2580 Ad
773 2521 908 2584 ultimum
929 2521 1022 2581 dolori
1046 2523 1209 2599 succubuit,

190 2613 382 2692 obvolutoque
396 2614 490 2691 capite
511 2613 669 2672 assidentes
682 2614 803 2692 genibus
818 2616 879 2676 suis
892 2623 1007 2695 neptem
1019 2625 1210 2696 nepotemque

191 2715 332 2786 aversata,
355 2708 419 2770 oibo
443 2707 554 2786 pariter
577 2708 719 2770 abstinuit
743 2717 773 2768 et
796 2711 867 2772 luce.
911 2709 1031 2788 Quinto,
1055 2719 1210 2792 postquam

191 2807 265 2868 mori
285 2811 434 2881 statuerat,
459 2803 507 2866 dic
528 2804 654 2864 extincta
677 2811 730 2864 est.
773 2805 791 2834 ¹⁴
801 2805 941 2886 Magnum
963 2807 1091 2885 profecto
1118 2809 1209 2870 Alex·

191 2903 275 2962 andri
289 2901 480 2982 indulgentie
493 2899 524 2958 iu
537 2919 608 2976 eam,
630 2899 807 2980 justitiaeque
827 2901 859 2960 in
873 2921 969 2962 omnes
982 2903 1109 2982 captivos
1124 2904 1209 2966 ‹locu-

190 3004 320 3056 mentum
341 3004 387 3056 ert
408 3016 486 3058 mors
506 2996 611 3075 hujus:
631 3017 697 3076 quse
717 3001 782 3056 olm
803 2997 988 3058 sustinuisset
1006 3005 1071 3077 post
1084 2998 1209 3060 Darium

191 3090 297 3164 vivere,
312 3091 482 3152 Alexandro
496 3111 559 3152 esse
572 3099 717 3170 superstes
730 3091 853 3154 erubuit

255 3187 299 3242 15.
323 3185 365 3244 Et
383 3186 502 3246 hercule
518 3188 623 3266 ”juste
643 3188 857 3250 {estimantibus
876 3187 988 3266 Regem
1009 3188 1209 3267 liquet„bone

191 3289 304 3340 naturae
318 3282 381 3358 ejus
394 3280 504 3357 fuisse,
526 3283 661 3344 vitiaret
682 3284 818 3358 fortunae,
833 3283 880 3342 vel
899 3283 1002 3350 aetatis.
1046 3283 1102 3343 Vis
1116 3284 1208 3348 inore·

193 3377 292 3437 dibilis
305 3375 409 3453 animi;
432 3376 540 3436 laboris
553 3378 697 3455 patientia
707 3379 915 3456 propemodum
934 3380 1042 3456 nimia;
1065 3381 1208 3442 fortitudo

191 3495 249 3534 non
263 3475 339 3534 iuter
347 3473 445 3550 Reges
459 3472 547 3532 modo
559 3473 714 3549 excellens,
736 3475 787 3534 sed
808 3474 972 3538 interillos
993 3477 1116 3557 queque,
1137 3496 1208 3556 quo·

191 3591 255 3631 rum
269 3571 332 3630 haee
346 3569 407 3628 sola
419 3567 515 3629 virtus
530 3567 609 3644 fuir,
631 3568 794 3630 liberalitas
814 3572 893 3647 saepe
914 3574 1025 3649 majora
1039 3571 1208 3647 tribuentis,

191 3668 279 3743 quim
293 3687 310 3724 a
325 3666 390 3725 Diis
404 3670 559 3742 petuntur,
581 3663 734 3723 clementia
753 3664 785 3722 in
805 3663 953 3742 devictos;
977 3674 1024 3726 tot
1044 3685 1135 3746 regna
1154 3676 1209 3728 aut

193 3759 318 3833 reddita,
333 3761 442 3839 quibus
462 3779 496 3820 ea
516 3760 682 3838 dempserat
704 3758 790 3836 bello,
815 3767 867 3818 aut
888 3761 962 3822 donc
985 3763 1070 3838 data;
1092 3763 1205 3838 mortis,

191 3853 274 3924 cujus
288 3863 383 3912 metus
397 3864 517 3916 caeteros
532 3857 689 3931 exanimat,
700 3863 842 3934 perpetua
861 3858 1054 3934 contemptic;
1079 3859 1096 3886 ¹⁶
1103 3859 1206 3936 gloriae
