2622 4382
180 353 241 412 250
529 369 671 422 curura
698 369 839 414 cusum

179 509 301 589 pecunie
311 511 400 589 quam
413 515 531 570 eentum
545 516 577 570 et
590 509 712 588 triginta
725 508 836 568 talenta
849 509 1038 588 superfuere:
1057 507 1132 570 adab
1144 507 1202 570 ille

178 605 331 680 exercitus,
346 613 392 665 tot
406 605 617 666 ditissimorum
630 605 762 684 gentium
782 604 883 683 vietor,
903 604 970 683 plus
991 611 1089 664 tamen
1107 605 1200 666 visto

177 699 230 760 ria
243 701 332 778 quam
345 700 453 779 prmdae
467 701 634 780 deportavit
646 721 684 760 ex
698 699 782 760 Asia.
825 699 981 774 (laetorum,
997 707 1032 760 ut
1045 699 1201 780 cognitum

177 801 223 852 est
236 795 309 868 alios
323 796 435 855 remitti
449 797 574 870 domum,
596 795 670 854 alios
688 795 821 874 retineri,
840 801 1012 874 perpetuam
1027 815 1094 854 eum
1114 795 1200 874 regni

177 889 275 950 aedem
288 889 320 950 in
334 892 409 950 Asia
423 891 588 950 habiturum
602 891 668 966 rati,
681 890 820 951 vecordes
835 898 865 950 et
878 890 1042 970 discipline
1055 890 1199 952 militaris

177 986 368 1060 immemores,
384 986 531 1046 seditiosis
545 986 665 1046 vocibus
680 994 777 1045 castra
790 986 943 1064 complent,
964 986 1137 1066 Regemque
1157 987 1198 1048 fe·

176 1081 274 1142 rooiils
294 1083 381 1160 quem
402 1081 477 1140 elias
499 1081 603 1158 adorti,
631 1101 731 1140 omnes
751 1081 839 1140 simul
859 1082 1025 1142 missionem
1044 1081 1198 1159 postulare

176 1184 333 1253 coeperunt,
344 1177 486 1236 deformia
496 1197 547 1236 ora
558 1177 750 1253 cicatricibus,
759 1178 953 1258 canitiemque
964 1177 1092 1256 capitum
1103 1185 1199 1236 osten·

176 1277 279 1332 tantos.
322 1273 352 1332 N
354 1293 386 1334 ec
410 1279 463 1332 aut
484 1273 696 1334 Praefectornm
716 1273 915 1352 castigatione,
937 1280 987 1332 aut
1001 1273 1198 1333 'verecundie

177 1366 270 1448 Regis
284 1369 428 1446 deterriti,
443 1370 624 1430 tumultuoso
635 1369 761 1429 elamore
773 1377 803 1428 et
813 1369 935 1428 militari
945 1368 1087 1430 violentie
1096 1367 1196 1428 volen-

176 1470 235 1522 tem
250 1464 331 1544 loqui
344 1466 530 1542 inhibebant;
553 1467 652 1544 palem
671 1459 802 1544 professi,
822 1483 965 1544 nusquam
985 1463 1062 1538 inde,
1083 1463 1142 1522 nisi
1162 1464 1197 1524 in

71 1569 84 1591 ·¹
175 1560 309 1636 patriam,
324 1562 481 1641 vestigium
496 1579 561 1620 ease
574 1568 712 1620 moturos.
755 1560 886 1620 Tandem
900 1559 1018 1620 silentio
1032 1560 1120 1635 facto,
1134 1579 1196 1620 ma·

174 1653 220 1729 gis
233 1656 302 1733 quia
317 1657 336 1686 ¹⁰
346 1663 457 1715 motum
470 1675 533 1718 esse
547 1656 711 1730 eredebant,
725 1657 815 1736 quim
828 1655 896 1734 quia
910 1655 968 1733 ipsi
988 1655 1100 1714 moveri
1113 1662 1194 1734 pote·

174 1755 248 1822 rant,
263 1749 402 1826 quidnam
413 1757 530 1809 acturus
541 1758 627 1824 esset,
638 1749 854 1828 exspectabant.
893 1750 960 1826 Ille,
983 1751 997 1784 “
1010 1749 1089 1821 Quid
1099 1751 1194 1827 haec,‘’

174 1841 279 1920 inquit,
301 1847 432 1921 “repens
457 1846 478 1873 ¹¹
489 1846 693 1918 consternatio,
719 1851 750 1904 et
773 1852 834 1904 tam
858 1865 965 1923 procax
987 1851 1075 1926 atque
1098 1846 1195 1906 effusa

174 1937 293 1996 licentia
306 1937 482 1999 denunciat?
523 1939 633 2020 Eloqui
646 1940 755 1999 timeo:
775 1940 876 2018 palam
897 1943 976 2000 certe
996 1941 1119 2020 rupistis
1140 1943 1193 2002 im-

173 2033 296 2112 perium,
312 2041 342 2093 et
356 2036 487 2113 procerit
508 2035 664 2109 Bessum,
686 2036 733 2094 cui
752 2055 810 2098 non
830 2035 1003 2116 alloquendi,
1025 2057 1084 2096 non
1099 2038 1191 2100 1²nos·

174 2128 259 2188 uendi
273 2130 475 2210 monendique,
489 2138 540 2190 out
553 2131 687 2190 intuendi
700 2149 752 2191 vos
763 2133 813 2209 jus
827 2131 997 2211 reliquistis.
1041 2132 1191 2212 Equidem

174 2226 239 2282 edm
253 2224 326 2284 alios
340 2225 489 2286 dimittere
502 2226 533 2284 in
546 2225 680 2304 patriam,
696 2225 769 2285 alios
783 2245 895 2286 meeum
908 2226 996 2314 paulo
1009 2233 1077 2304 post
1090 2227 1189 2307 depor-

174 2325 237 2378 tare
251 2321 412 2398 statuerim,
425 2328 487 2379 tam
500 2319 567 2380 illos
588 2322 780 2380 acclamantes
802 2320 888 2382 video
911 2321 964 2400 qui
979 2321 1089 2382 abituri
1110 2331 1188 2398 sunt,

173 2415 262 2492 quem
276 2415 328 2472 hos
343 2433 409 2472 cum
422 2416 528 2493 quibus
548 2417 714 2493 proemissos
735 2413 872 2496 subsequi
892 2417 992 2476 statui.
1035 2417 1115 2490 Quid
1134 2419 1189 2478 hoo
1201 2425 1215 2450 ‘

173 2514 217 2566 est
230 2508 295 2565 reii
339 2508 456 2586 Dispari
470 2511 501 2568 in
515 2513 602 2568 cause
615 2511 693 2569 idem
707 2519 752 2570 est
772 2513 901 2570 omnium
921 2513 1038 2572 clamor.
1085 2513 1104 2542 ¹⁸
1116 2514 1190 2574 Per-

172 2601 259 2661 velim
279 2601 362 2677 scire,
382 2606 481 2662 utrum
508 2604 560 2682 qui
580 2603 743 2681 discedunt,
763 2626 801 2664 an
820 2607 870 2685 qui
889 2607 1061 2683 retinentur,
1085 2607 1121 2668 de
1141 2629 1188 2670 ma

171 2699 360 2779 querantur.”

233 2799 260 2854 8.
283 2794 424 2856 crederes
451 2813 508 2855 uno
536 2815 586 2856 ore
614 2813 712 2854 omnes
737 2796 891 2856 sustulisse
922 2798 1085 2860 clamorem.
1137 2799 1188 2860 Ita

171 2893 283 2970 pariter
294 2911 331 2951 ex
345 2897 409 2952 tota
423 2893 557 2951 concione
570 2910 740 2970 responsum
750 2897 803 2966 est,
824 2891 963 2970 “Omnes
977 2895 1087 2973 queri.'’
1111 2894 1187 2956 Tum

171 2987 231 3060 ille,
254 2989 270 3020 “
283 2987 312 3045 N
314 3007 351 3046 on
365 2989 513 3064 hercule,’'
527 2989 631 3068 inquit,
653 2991 669 3022 “
679 2995 777 3066 potest
789 2988 861 3062 fieri,
876 2996 911 3048 ut
933 2989 951 3017 ¹⁴
961 2989 1098 3065 adducar,
1119 3011 1186 3072 que·

170 3081 254 3140 rendi
273 3083 361 3141 simul
375 3085 508 3144 omnibus
521 3085 595 3144 hanc
615 3104 732 3144 causam
752 3103 816 3144 esse
835 3105 923 3165 quam
945 3086 1109 3163 ostenditis,
1125 3087 1186 3147 ¹¹'in

170 3180 229 3256 que
242 3179 336 3253 major
356 3197 424 3255 pars
438 3181 585 3240 exercitus
598 3199 656 3240 non
670 3188 731 3257 est;
753 3186 854 3260 utpote
878 3181 1057 3262 cumplures
1072 3182 1187 3242 dimise·

170 3273 235 3348 rim,
255 3274 343 3351 quam
367 3281 535 3333 retenturus
559 3295 632 3335 sum.
675 3276 783 3338 Subest
802 3277 937 3336 nimirum
957 3277 1045 3338 altius
1064 3278 1185 3356 malum,

170 3369 248 3450 quod
272 3387 372 3428 omnes
391 3369 498 3427 avertit
518 3389 536 3428 a
555 3389 609 3429 me.
652 3370 775 3442 Quando
795 3373 872 3432 onim
899 3372 1011 3452 Regem
1031 3374 1185 3436 universus

170 3465 315 3525 exercitus
334 3463 489 3524 deseruit?
530 3464 578 3523 Ne
593 3467 670 3526 servi
690 3468 809 3546 quidem
828 3487 886 3526 uno
907 3489 993 3547 grege
1012 3470 1186 3548 profugiunt

170 3561 316 3621 dominos:
338 3560 390 3621 sed
404 3559 579 3638 estquidam
593 3560 624 3620 in
645 3561 706 3622 illis
726 3561 820 3640 pudor
844 3583 862 3620 a
884 3565 1000 3624 oaeteris
1025 3565 1184 3626 destitutos

167 3655 380 3734 relinquendi.”

228 3754 244 3782 “
257 3751 369 3810 Verum
384 3771 437 3830 ego
451 3759 511 3810 tam
525 3751 644 3810 furiosae
657 3751 900 3814 consternationis
914 3754 1033 3833 oblitus,
1052 3755 1184 3818 remedia

167 3841 377 3902 insanabilibus
391 3863 478 3906 conor
493 3847 637 3908 adhibere.
682 3845 806 3908 Omnem
816 3848 934 3910 hercule
948 3869 1028 3926 spem
1040 3872 1128 3930 quam
1143 3871 1179 3914 ox
