2520 4390
359 323 483 366 nrunn
509 325 543 366 v.
574 325 660 368 cur.
691 327 716 368 r.
1003 311 1041 372 st

55 471 139 524 monta
157 463 242 546 regui,
266 481 382 524 masam
404 462 484 541 belli,
507 463 647 524 victorem
666 471 878 544 occupaturum.
928 466 972 526 At
992 465 1043 528 illa

54 560 140 619 dooere
151 560 245 639 pergit,
259 578 315 618 non
329 560 338 588 ¹
350 558 479 636 speciose
499 559 587 634 dictu,
601 560 653 619 sed
671 579 727 619 usu
738 562 901 622 recessuris
913 562 944 620 iu
956 562 1042 623 rebus

52 655 164 714 adversis
176 653 310 732 sequenda
323 671 395 714 esse.
436 651 527 712 Ferro
539 653 602 734 geri
615 653 701 729 belle,
712 674 769 714 non
781 675 866 733 uur03
888 657 969 732 viris,
982 677 1040 718 uon

52 750 151 809 urbium
163 749 261 810 tectis:
282 749 399 808 'omnia
419 748 502 826 sequi
521 755 657 808 armatos
699 749 748 810 Sic
761 753 885 827 majores
899 771 965 810 suos
974 753 1040 829 ber·

50 845 131 904 culeos
150 844 177 904 in
196 843 336 922 principio
357 862 462 918 rerum,
485 841 617 902 celeriter
637 843 791 921 pristinam
812 852 962 924 reparasse
983 848 1039 906 ior·

50 947 142 999 tunam.
178 939 274 1020 Igitur
294 939 356 1000 sive
379 938 551 998 confirmatis
564 957 664 997 eorum
683 939 796 1015 animis,
810 941 872 1002 sive
884 941 1037 1020 imperium

50 1035 134 1113 uagis,
146 1036 227 1113 qutm
240 1035 392 1094 consilium
406 1033 601 1113 sequentibus,
617 1033 723 1094 Mediae
741 1036 812 1094 fines
824 1035 972 1116 ingressus
984 1046 1037 1098 cst

96 1134 119 1188 2.
139 1130 228 1190 Paulo
240 1135 307 1206 post
319 1127 487 1188 Alexandro
501 1127 611 1188 Arbela
630 1127 795 1204 traduntur,
809 1131 889 1212 regit
902 1131 1036 1208 supellec·

51 1223 89 1298 ili,
109 1223 211 1303 ditique
234 1228 306 1302 gunt
328 1223 447 1300 repleta
489 1220 623 1292 Qustuor
648 1223 742 1281 millia
767 1223 912 1284 telentrtm
936 1226 1036 1286 iutro:

50 1321 167 1378 ›raeterei
178 1319 311 1396 pretiosec
324 1323 428 1391 vestes,
438 1316 530 1376 totius
539 1315 585 1392 (ut
599 1319 685 1394 snprzl
699 1317 808 1376 dictum
821 1322 877 1398 est)
891 1320 1038 1380 exercitis

50 1415 131 1490 pibus
144 1413 172 1471 in
185 1413 265 1470 illam
279 1411 379 1470 sedem
391 1411 542 1489 congestis.
585 1409 791 1489 Ingruentibus
804 1412 908 1472 deiude
921 1415 1038 1490 morbis,

49 1525 104 1584 ,uos
134 1505 200 1566 odor
232 1505 402 1566 cadaverum
433 1505 504 1564 totis
535 1505 695 1582 jacentium
729 1507 837 1584 campis
862 1507 1038 1588 vulgaverat,

49 1601 172 1660 mturirls
196 1607 293 1659 castra
317 1599 416 1659 movit
470 1599 634 1660 ⁰Euntibns
665 1619 684 1658 a
709 1607 793 1678 parte
818 1601 893 1664 laeva
918 1603 1037 1678 Arabia,

49 1695 145 1754 dorum
157 1694 308 1754 fertilitate
328 1693 435 1754 nobilis
455 1695 544 1773 regio,
567 1696 755 1772 1⁰campestre
775 1695 839 1771 iter,
860 1703 913 1758 est
954 1697 1038 1756 Inter

49 1791 129 1867 'igrin
141 1799 171 1849 et
184 1789 363 1868 Euphratem
377 1791 395 1820 ¹¹
406 1790 533 1867 jacentia
546 1796 608 1848 tam
620 1789 711 1865 uberi,
725 1797 756 1849 et
769 1791 870 1870 pingui
885 1791 945 1850 solo
959 1799 1036 1867 sunt,

49 1893 58 1942 t
73 1906 91 1942 a
103 1893 188 1963 pastu
200 1885 303 1964 repelli
315 1905 417 1964 pecore
431 1885 573 1960 dicautrr,
586 1904 623 1944 ne
636 1885 758 1944 satietas
770 1886 900 1963 perimat.
943 1886 1038 1948 (lausa

50 1980 187 2040 rtilitatis
210 1987 254 2040 est
276 1981 387 2054 humor,
401 1979 451 2058 qui
471 1999 508 2038 ex
527 1986 650 2058 utroque
663 1998 748 2038 amne
760 1987 877 2057 manut3
899 1989 962 2040 tcto
975 1982 1036 2040 fere

48 2076 84 2134 lo
118 2081 233 2152 propter
265 2093 352 2134 venes
385 2093 523 2152 uquarum
557 2074 719 2134 resudante.
774 2073 837 2151 Ipsi
870 2094 966 2134 smnes
1001 2095 1036 2134 ex

48 2169 172 2229 rmeniae
197 2167 344 2228 montibus
372 2169 526 2246 profluunt,
551 2187 585 2226 ac
612 2167 631 2196 ¹²
639 2187 742 2246 magno
769 2167 872 2228 deiude
900 2189 1037 2248 aquarum

48 2264 146 2323 vortio
159 2263 225 2337 iter,
240 2263 316 2341 quod
334 2269 490 2340 coeperunt,
504 2268 686 2338 percurrunt.
727 2261 793 2320 Duo
811 2262 905 2322 millia
917 2272 948 2322 et
960 2265 1039 2342 quiu-

48 2366 108 2418 nta
122 2358 219 2417 stadia
231 2357 338 2416 emensi
353 2364 430 2431 suut,
447 2357 464 2385 ¹³
472 2357 523 2436 qni
546 2355 755 2434 amplissimum
768 2355 950 2418 intervallum
964 2359 1039 2418 uiroc

48 2454 171 2512 rmeniae
194 2459 307 2511 montes
330 2459 510 2511 notaverunt.
551 2449 646 2510 Iidem
669 2451 736 2508 crim
761 2450 897 2514 “Medic
917 2460 947 2512 et
968 2453 1038 2514 Gor-

48 2567 172 2606 anorum
186 2553 281 2606 terres
294 2565 392 2606 secere
405 2552 562 2624 coeperunt,
575 2544 715 2622 paulatim
727 2544 759 2603 in
773 2546 792 2574 ¹⁸
800 2545 910 2606 arctim
923 2555 1036 2624 coeunt,

54 2644 78 2672 ¹⁶
87 2646 149 2721 quo
165 2641 280 2721 longios
292 2647 419 2715 manunt,
440 2640 495 2699 hoo
509 2640 660 2719 augustius
680 2641 757 2700 inter
771 2659 801 2700 se
814 2642 940 2720 spatium
953 2651 1039 2704 terrac

48 2739 194 2815 inquunt.
252 2735 352 2795 Vicini
385 2734 509 2794 maxime
537 2741 605 2794 sunt
631 2735 662 2792 in
687 2735 805 2812 eampis,
832 2726 903 2814 quus
937 2735 1038 2796 incolae

48 2831 274 2907 esopotama'am
288 2829 453 2908 appellant:
482 2829 607 2887 medinm
619 2848 741 2906 nemque
763 2829 800 2888 ab
812 2835 934 2908 utroque
948 2829 1038 2890 latere

48 2924 203 2984 reludunt
247 2927 265 2953 ¹²
274 2925 370 2984 Iidem
392 2943 443 3002 per
457 2923 682 3002 Babyloniorum
694 2923 767 2981 fines
779 2923 810 2981 in
823 2923 942 2983 rubrum
956 2923 1038 2986 Mure

48 3024 222 3095 >rumpunt
274 3017 441 3076 Alexander
463 3017 574 3096 qucrtis
601 3016 707 3074 castris
733 3016 771 3075 ad
798 3015 919 3076 Menuiu
938 3020 1038 3080 urbem

48 3113 159 3174 ¹venit.
206 3111 337 3174 caverna
349 3111 391 3171 ibi
404 3120 467 3170 est:
489 3131 525 3170 ex
537 3113 595 3189 qut
608 3111 674 3168 fons
693 3111 839 3190 ingentem
852 3111 911 3172 vim
924 3112 1038 3174 bitumi-

65 3207 225 3285 effundit3
247 3207 330 3282 adeo,
343 3213 378 3266 ut
391 3207 464 3266 setis
476 3212 596 3280 constet,
617 3203 793 3283 Babylonios
806 3227 903 3268 muros
917 3209 936 3238 ¹⁸
945 3210 1039 3289 ingen-

56 3303 181 3382 operis,
198 3303 288 3380 hujus
301 3303 391 3362 fontis
403 3301 546 3363 bitumine
558 3299 703 3360 interlitos
715 3301 813 3364 fuisse.

67 3404 100 3458 3.
128 3397 282 3459 Oeetertun
312 3395 493 3476 Babylonem
513 3395 681 3474 procedenti
707 3397 876 3458 Alexandro
904 3397 1040 3469 Mazaeus,

86 3513 129 3552 ex
157 3493 223 3552 acie
244 3493 275 3552 iu
298 3493 400 3553 urbem
424 3510 489 3550 eam
512 3492 686 3572 confugeret,
714 3511 778 3552 cum
805 3491 916 3551 adultis
942 3489 1042 3550 liberis

48 3589 139 3668 ›plex
155 3589 296 3662 occurrit,
309 3588 421 3662 urbem,
446 3605 531 3666 seque
545 3586 660 3646 dedens
702 3585 813 3647 eratus
826 3584 967 3643 cdvemm
981 3585 1043 3660 ejus

48 3707 56 3742 t
94 3684 185 3762 Regi
198 3703 213 3742 :1
242 3683 346 3760 quippe
371 3683 469 3761 magni
498 3681 592 3760 operis
624 3682 725 3740 futura
753 3685 817 3738 erut
844 3677 957 3738 obsidio
983 3687 1043 3738 tnrn

48 3777 139 3838 nitce
153 3777 250 3838 urbis.
278 3777 328 3835 Ad
341 3777 395 3844 boc
407 3778 453 3836 vir
467 3777 600 3850 illustris,
614 3759 676 3833 ct'¹⁰
685 3793 771 3832 manu
783 3779 943 3850 promptus,
956 3776 1044 3834 lamb·
