2600 4394
365 411 490 452 arnan
516 412 574 452 rv.
601 412 687 454 aar.
716 411 782 454 ιιι.
1042 397 1079 456 ll

81 555 121 610 tes
139 549 273 612 arborum
293 549 511 610 1'errrinentinm
525 549 563 608 ad
575 569 605 610 se
625 549 789 612 mentes:
809 571 876 630 quas
894 549 948 612 ubi
972 557 1081 612 meatu

81 651 162 719 erant,
184 643 320 722 pleraque
347 663 446 704 seeum
469 645 500 702 in
523 645 700 722 profundum
727 645 851 708 dabant:
880 653 944 706 turn
968 645 1080 706 levatos

81 758 158 798 onere
177 739 292 816 stipites
314 746 491 818 truncosque
516 735 653 800 arborum
673 739 751 800 baud
775 741 853 819 aegrb
876 741 1077 800 moliebantur.

81 832 184 892 Deinde
208 840 301 892 toturn
324 852 406 910 opus,
426 833 504 912 quod
528 834 680 910 stipitibus
703 835 800 894 iuerat
823 835 965 910 innixum,
978 835 1078 894 funda

79 940 167 986 mento
180 927 269 1004 lapso,
280 925 463 1006 sequebatur.
505 928 524 956 ¹¹
535 927 629 1006 AEgre
639 927 729 988 animi
743 928 923 1003 Alexandro,
934 935 965 988 et
977 930 1078 988 utrrlrn

78 1029 265 1099 perseveraret
285 1041 322 1081 an
347 1022 450 1096 abiret,
466 1022 537 1080 satis
560 1022 679 1099 ineerta,
700 1023 801 1082 elassis
827 1022 924 1100 Cypro
950 1024 1076 1083 advenit

78 1115 237 1194 Eodemque
251 1122 383 1193 ternpore
397 1114 540 1176 Cleander
554 1135 620 1174 oum
641 1115 753 1178 Granis
772 1117 917 1178 militibus
930 1117 960 1176 in
974 1117 1078 1176 Asiam

75 1229 160 1288 nuper
171 1211 320 1284 adventus.
364 1209 489 1269 (lentum
503 1216 533 1268 et
547 1210 693 1288 oetnginta
709 1210 827 1270 navium
841 1211 963 1272 elassem
976 1211 1007 1270 in
1020 1211 1078 1270 duo

74 1303 175 1364 dividit
198 1325 314 1364 eornna.
358 1304 480 1364 Laevum
504 1304 698 1381 Pythagoras,
718 1304 787 1364 Rex
810 1305 993 1382 Cypriorum,
1012 1325 1078 1364 eum

74 1399 190 1458 Cratero
211 1399 366 1473 tuebatur,
389 1397 593 1458 Alexandrum
606 1399 637 1456 in
658 1398 765 1458 dextro
778 1399 798 1428 ¹²
808 1400 1023 1477 quinqueremis
1036 1419 1078 1460 re·

70 1493 261 1572 giavebebat.
305 1491 369 1550 Neo
394 1491 486 1569 Tyrii,
507 1511 669 1570 quanquam
694 1493 815 1552 obesam
838 1493 992 1567 habebant,
1013 1494 1077 1552 ausi

71 1587 171 1646 navab
195 1587 269 1646 inire
293 1594 447 1660 eertamen,
471 1593 529 1648 tres
551 1587 666 1646 omnino
689 1607 777 1648 naves
800 1595 866 1648 ante
889 1589 952 1666 ipsa
974 1589 1079 1648 moenia

67 1689 270 1760 opposuerunt,
281 1681 386 1760 quibus
401 1681 468 1742 Rex
482 1682 624 1757 inventus,
638 1683 717 1760 ipsas
732 1683 878 1744 demersit.
940 1695 947 1702 ”

129 1781 171 1836 13.
214 1776 340 1836 Postera
364 1777 420 1851 die,
434 1776 527 1836 elasse
540 1777 578 1836 ad
597 1777 703 1838 moenia
726 1777 853 1852 admoti,
867 1778 996 1857 undique
1020 1785 1077 1838 tor·

62 1872 181 1946 mentis,
195 1878 225 1930 et
237 1871 364 1932 maxime
379 1872 397 1900 ¹⁸
406 1873 530 1932 arietum
550 1872 645 1950 pulsu,
659 1892 758 1932 muros
771 1873 883 1954 quetit;
904 1893 977 1952 quos
992 1873 1076 1951 'llyrii

61 1967 173 2044 raptim
182 1967 341 2031 obstruatis
351 1967 430 2026 saxis
440 1967 610 2044 refecerunt,
621 1967 815 2026 ¹⁴interiorem
825 1987 941 2047 qnoque
949 1988 1075 2040 niumm,

59 2069 98 2120 ut
123 2063 149 2120 si
172 2062 251 2140 prior
270 2062 431 2136 fefellisset,
445 2061 497 2120 illo
522 2079 553 2120 se
577 2069 738 2136 tuerentur,
752 2063 881 2140 undique
905 2063 972 2122 orsi.
1016 2063 1076 2122 Sed

56 2157 193 2234 undique
203 2157 248 2214 vis
261 2156 331 2214 mali
343 2155 484 2232 urgebat:
498 2155 590 2214 moles
604 2156 681 2214 intra
690 2155 744 2213 teli
755 2158 868 2231 jaetum
881 2163 961 2214 erat:
975 2155 1076 2216 elassis

55 2251 171 2310 menenio
184 2249 372 2308 circumibat:
394 2249 412 2276 ¹⁵
420 2249 554 2306 terrestri
565 2249 652 2306 simul
664 2249 818 2326 navalique
829 2249 910 2308 olade
920 2249 1077 2308 obrueban-

55 2355 124 2404 tur.
168 2343 187 2372 ¹⁶
198 2342 314 2420 Quippe
341 2342 424 2402 binas
450 2341 649 2420 quadriremes
677 2341 852 2402 Maeedones
877 2343 1077 2402 interstite

58 2445 238 2520 junxerant,
252 2444 287 2496 ut
300 2456 396 2514 prorae
408 2437 601 2513 eohaererent;
621 2455 732 2516 puppes
755 2437 919 2512 intervallo,
933 2447 1075 2518 quantum

50 2552 165 2612 capere
179 2538 323 2610 poterant,
339 2531 490 2590 distarent.
533 2531 600 2591 Hoe
620 2533 761 2610 puppium
776 2532 963 2592 intervallum
977 2541 1074 2594 anten-

48 2631 105 2688 nis
121 2627 326 2706 asseribusque
339 2626 447 2686 validis
467 2626 611 2706 deligatis,
627 2645 770 2706 superque
784 2647 833 2686 eos
851 2627 989 2706 pontibus
1003 2636 1074 2688 stra-

46 2725 108 2796 tis,
124 2722 177 2800 qni
189 2721 315 2782 militem
329 2721 514 2798 sustinerent,
528 2722 738 2800 impleverantz
760 2722 802 2782 sie
816 2723 975 2782 instructas
986 2724 1074 2800 qnad-

44 2819 182 2878 riremes
197 2817 236 2876 ad
253 2817 358 2876 urbem
377 2816 516 2893 agebant:
537 2817 604 2876 inde
623 2817 748 2876 missilia
760 2817 791 2874 in
805 2823 1021 2894 propugnantes
1034 2816 1074 2874 in·

40 2911 238 2994 gerebantur
257 2912 333 2988 tutb,
352 2911 420 2990 quia
441 2911 564 2989 nproris
586 2911 670 2971 miles
694 2911 854 2990 tegebatur.
898 2910 997 2970 Media
1016 2929 1074 2974 nox

39 3017 132 3080 eret,
145 3022 211 3064 enm
225 3005 354 3080 elassern,
366 3006 454 3067 aienti
467 3007 579 3066 dietum
589 3013 644 3082 est,
652 3013 796 3084 paratura,
807 3005 959 3066 eironmire
971 3007 1074 3068 urbem

46 3102 169 3180 jubet:
189 3102 309 3179 jamque
331 3119 421 3160 neves
433 3101 501 3162 urbi
523 3101 653 3178 undique
668 3099 687 3128 ¹⁸
697 3099 932 3176 admovebantur,
947 3109 978 3160 et
991 3101 1074 3179 Tyrii

38 3195 266 3273 desperatione
279 3195 442 3272 torpebant,
457 3197 526 3254 eilm
540 3195 637 3254 subitb
651 3195 753 3272 spissa
771 3195 863 3256 nubes
875 3195 1026 3256 intendere
1042 3215 1073 3257 se

34 3291 141 3364 coelo,
159 3297 191 3349 et
206 3290 355 3368 quidquid
378 3290 453 3350 lueis
468 3290 691 3366 ¹⁹internitebat,
706 3291 798 3350 effnst
818 3291 950 3370 ealigine,
965 3292 1074 3350 extine·

32 3395 120 3444 tum
147 3391 203 3444 est.
247 3385 323 3444 Tum
346 3385 545 3444 inhorrescens
572 3405 651 3445 mare
674 3385 815 3464 paulatim
841 3385 942 3461 levari,
967 3383 1073 3444 deinde

30 3480 168 3541 acriori
181 3488 269 3540 vento
291 3481 467 3560 eonoitatam
480 3480 586 3538 fluetus
606 3480 690 3554 aiere,
705 3487 736 3539 et
750 3481 828 3540 inter
842 3499 873 3538 se
887 3479 1005 3554 navigia
1017 3476 1074 3536 eol-

27 3575 158 3635 lidere.
204 3574 329 3654 Jamque
356 3574 450 3633 scindi
477 3581 626 3652 coeperant
651 3574 777 3647 vinenla,
801 3573 908 3653 quibus
936 3587 1074 3630 eonnexae

24 3668 259 3750 quadriremes
275 3675 364 3742 erant,
378 3687 462 3728 ruere
476 3669 495 3698 ²⁰
505 3668 646 3742 tabulata,
661 3676 692 3726 et
705 3687 771 3726 eum
785 3665 896 3742 ingenti
914 3664 1028 3740 fregere
1042 3664 1074 3722 in

24 3763 236 3844 profundum
251 3782 349 3822 seeum
362 3763 470 3822 milites
484 3763 607 3822 trabere.
652 3761 757 3838 Neque
767 3759 843 3818 euim
854 3763 984 3816 conserta
997 3758 1073 3820 navi·

24 3861 95 3942 gia
113 3857 184 3916 ullet
199 3877 254 3936 ope
264 3858 296 3916 in
309 3857 328 3885 ²¹
337 3857 457 3918 turbido
468 3858 531 3934 regi
544 3862 688 3934 poterant.
732 3852 820 3912 Miles
832 3851 995 3912 ministeria
1007 3871 1074 3910 nau·
