2642 4386
447 357 571 403 urnnr
593 357 646 402 rx.
675 357 760 402 our.
785 357 826 402 ιι.
1089 341 1147 404 221
1235 403 1241 412 ‚

136 501 232 562 bione
246 497 356 560 auxilie
368 501 477 578 prusti
491 504 567 574 sunt,
582 495 683 572 Dnhae,
698 495 889 576 Sogdianique
911 495 990 558 inter
1008 513 1062 558 nos
1074 495 1151 558 mili·

132 602 205 656 tunt
248 594 313 654 Nee
325 601 421 654 temen
441 593 486 652 illi
499 594 594 656 turbae
607 591 725 652 eonfido.
767 591 891 652 Vestras
903 611 1004 652 munus
1023 593 1148 668 intueor,

132 697 261 750 vestrum
273 690 419 764 virtutem,
441 708 546 764 rerum,
559 707 630 768 quos
650 694 785 766 gesturus
806 707 877 762 sum,
891 687 994 748 vudem
1012 687 1148 767 praedem·

132 805 192 864 que
215 785 313 846 habeo.
355 783 501 856 Quamdiu
523 783 673 844 vobiseum
696 781 726 840 in
749 783 810 841 eolo
834 781 928 857 stabo,
942 801 994 842 neo
1019 783 1076 842 mei
1096 801 1149 842 neo

132 879 261 940 hostium
274 880 418 940 exereitus
429 897 625 940 numeravere
668 877 732 938 Vos
744 877 830 938 modd
843 877 954 938 animos
966 877 1038 938 mihi
1047 878 1147 957 plenos

10 1019 12 1042 ,
132 973 291 1034 uleeritotis
304 993 338 1034 uo
350 974 464 1034 fidueiae
477 973 638 1036 adhibete”

192 1070 290 1130 “Non
311 1071 342 1128 in
365 1070 466 1129 limine
488 1089 606 1148 operum
632 1068 820 1147 laborumque
846 1073 1018 1144 nostrorum,
1046 1068 1097 1128 sed
1116 1069 1148 1128 in
1193 1146 1196 1152 1

129 1167 213 1226 exitu
225 1173 342 1227 stemus.
385 1167 405 1196 ¹⁹
415 1166 605 1226 Pervenimus
626 1165 664 1223 ed
687 1164 757 1224 solis
778 1171 874 1222 ortum
888 1171 918 1222 et
930 1183 1075 1240 menum,
1088 1163 1147 1225 nisi

129 1261 227 1322 obstet
249 1261 382 1342 ignavie:
403 1259 471 1318 iude
483 1260 618 1334 victores,
631 1259 793 1336 perdomito
814 1259 869 1318 fine
889 1266 1039 1334 terrerum,
1053 1280 1147 1320 rever·

129 1363 226 1416 temur
246 1358 278 1414 in
298 1356 430 1432 petriam.
472 1354 575 1413 Nolite
590 1353 678 1432 (quod
699 1353 777 1433 pigri
797 1353 931 1434 ugrieolae
949 1353 1069 1434 fuciunt)
1089 1375 1146 1414 mu·

129 1456 212 1508 turos
224 1449 339 1508 fruetus
359 1467 410 1526 per
431 1447 564 1506 inertiam
586 1447 720 1506 omittere
734 1465 750 1505 e
763 1447 903 1508 manibus
945 1446 1060 1523 Mojoru
1080 1455 1147 1508 sunt

129 1543 267 1622 perieulis
279 1543 404 1621 prumia„
445 1543 534 1604 Dives
547 1542 647 1602 eedem
667 1549 697 1602 et
717 1541 843 1604 imbellis
857 1548 902 1602 est
914 1543 1003 1624 regio.
1043 1543 1147 1622 Itaque

129 1657 188 1697 non
215 1645 276 1698 tom
303 1639 340 1698 ad
366 1638 488 1718 glorium
512 1657 563 1699 vos
586 1638 667 1714 duee,
691 1639 779 1717 quim
803 1637 840 1698 ed
868 1638 1003 1716 praedem.
1055 1639 1146 1719 Digni

130 1735 210 1808 estis,
224 1734 274 1812 qui
287 1753 364 1811 opes,
378 1753 450 1814 ques
472 1733 546 1792 illud
566 1753 646 1794 more
667 1733 815 1794 littoribus
836 1733 954 1810 invehit,
968 1733 1100 1794 referetis
1112 1734 1145 1794 in

126 1827 268 1906 petrium
290 1829 372 1909 digni
384 1829 436 1910 qui
448 1829 523 1888 nihil
543 1829 733 1908 inexpertum,
747 1828 828 1888 nihil
847 1835 929 1890 metu
948 1829 1088 1890 omissum
1101 1849 1145 1890 re·

127 1923 296 2003 linquutis”

188 2020 314 2094 ΜΡοτ,
338 2039 390 2098 ego
410 2039 472 2094 vos,
494 2019 616 2098 gloriam
637 2026 773 2094 vestram,
795 2022 854 2096 qut
881 2017 1037 2078 humanum
1062 2020 1145 2078 fusti·

127 2113 210 2193 glum
232 2113 380 2188 exceditis,
394 2133 500 2192 perque
514 2121 543 2172 et
556 2133 620 2172 mee
632 2113 664 2171 in
677 2131 737 2187 vos,
752 2119 783 2172 et
802 2113 833 2172 in
853 2130 897 2170 me
910 2119 1008 2172 vestre
1029 2113 1144 2189 merita,

125 2206 235 2286 quibus
262 2205 362 2266 iuvioti
385 2207 591 2280 eontendimus,
620 2225 678 2280 oro,
704 2223 866 2284 quaesoque,
893 2224 930 2264 ne
956 2205 1145 2266 humanorum

127 2321 225 2362 rerum
238 2303 377 2364 terminos
390 2302 551 2377 adeuntem,
563 2301 709 2360 alumnum
722 2300 999 2379 commilitonemque
1006 2307 1144 2376 vestrum,

125 2415 164 2457 ne
190 2397 284 2456 dieum
311 2397 433 2476 Regem,
461 2397 607 2457 deseratis.
663 2395 778 2458 Caetera
803 2396 885 2457 vobis
912 2397 1061 2476 imperavi,
1090 2396 1145 2456 hoo

124 2511 217 2552 uuum
231 2493 380 2552 debiturus
394 2512 465 2552 sum.
507 2493 526 2520 ²¹
538 2492 580 2552 Et
599 2491 626 2551 is
639 2511 690 2553 vos
702 2511 780 2572 rogo,
794 2491 845 2570 qui
865 2491 939 2552 nihil
958 2494 1084 2571 uuqnim
1096 2512 1144 2554 vo-

126 2587 173 2650 bis
194 2587 326 2666 preeoepi,
347 2589 419 2666 quin
439 2590 551 2666 primus
573 2607 620 2646 me
644 2587 779 2665 perieulis
800 2587 965 2662 obtulerim,
989 2587 1040 2666 qui
1068 2607 1143 2666 saepe

126 2683 219 2742 oeiem
239 2683 339 2762 elypeo
361 2703 424 2742 meo
443 2683 514 2758 texi,
538 2701 574 2742 ne
594 2683 771 2764 infregeritis
790 2683 821 2741 in
840 2683 972 2744 menibus
992 2681 1064 2740 meis
1083 2681 1143 2760 pol-

125 2797 213 2852 mem,
235 2783 293 2856 qud
315 2778 480 2853 Heredem,
503 2778 695 2856 Liberumque
717 2779 845 2850 Putrem,
869 2777 895 2836 si
916 2775 1027 2836 invidie
1046 2777 1144 2836 abfue-

124 2872 179 2946 rit,
192 2871 319 2948 aequabo.
361 2871 438 2930 Date
458 2873 512 2931 hoe
536 2873 669 2950 preeibus
689 2871 771 2945 meis,
785 2877 814 2930 et
826 2868 943 2930 tandem
964 2869 1143 2930 obstinatum

125 2965 278 3026 silentium
304 2966 437 3042 rumpite.
478 2966 539 3026 Ubi
566 2973 611 3026 est
637 2965 687 3024 ille
714 2965 830 3038 elemor,
856 2963 1015 3024 alteritatis
1039 2972 1143 3026 vestroe

125 3059 241 3120 index?
260 3059 312 3119 ubi
333 3057 385 3116 ille
405 3077 533 3118 meorum
554 3059 744 3118 Meoedonum
763 3058 888 3118 vultus?
929 3061 998 3118 Non
1017 3081 1142 3140 eguosoo

125 3173 188 3230 vos,
211 3153 329 3229 milites,
348 3173 401 3213 neo
423 3155 539 3234 ugnosei
558 3153 657 3214 videor
676 3173 694 3212 a
714 3153 804 3218 vobis.
846 3153 953 3216 Surdas
971 3157 1141 3232 jamdudum

126 3269 212 3310 eures
225 3250 316 3328 pulso.
357 3250 485 3312 Aversor
498 3249 609 3308 animos
623 3255 652 3308 et
666 3249 803 3310 infroetos
815 3251 942 3310 excitare
954 3253 1066 3312 oonor.”

188 3348 214 3404 7.
238 3343 366 3423 Cumque
389 3343 435 3402 illi
454 3343 486 3402 in
506 3350 614 3402 terrem
634 3343 766 3404 demissis
788 3344 932 3422 oepitibus
955 3353 1051 3404 taeere
1078 3364 1141 3422 per·

127 3445 300 3513 severiorem,
323 3439 342 3466 ²²
354 3441 370 3472 “
381 3437 410 3498 N
413 3437 488 3498 eseio
502 3437 602 3518 quid,²’
624 3438 728 3518 inquit,
751 3439 944 3518 “imprudens
964 3440 994 3496 in
1007 3457 1058 3496 vos
1071 3437 1140 3496 deli·

126 3533 186 3613 qui,
207 3533 284 3612 quod
304 3553 350 3592 me
370 3553 407 3592 ne
429 3533 536 3593 intueri
556 3533 672 3612 quidem
693 3534 791 3596 vultis.
832 3534 870 3594 In
894 3531 1049 3593 solitudine
1068 3530 1140 3590 mihi

127 3629 227 3688 videor
253 3647 323 3690 esse.
373 3628 466 3688 Nemo
491 3629 654 3708 respondet,
681 3649 765 3690 nemo
792 3629 895 3690 saltem
916 3632 1011 3702 negot.
1061 3624 1140 3696 Quos

127 3722 279 3802 alloquor?
320 3722 400 3793 Quid
419 3731 516 3784 nutem
535 3725 673 3802 postulo?
714 3724 851 3784 Vestrum
864 3720 995 3798 glorium,
1009 3727 1039 3778 et
1062 3741 1139 3801 mag.

127 3815 289 3878 nitudiuem
300 3817 485 3880 vindioemus.
527 3819 587 3881 Ubi
607 3825 673 3878 sunt
693 3817 748 3890 illi,
761 3834 882 3894 quorum
894 3821 1038 3874 eertemen
1052 3815 1139 3896 poulo
