2520 4390
374 347 497 388 arsen
525 347 559 392 r.
588 347 673 388 car.
701 347 792 388 xrrr.
1041 329 1095 390 107

75 487 238 551 celeritatis
257 492 303 547 est
327 487 505 564 pmmium.’'
547 486 656 550 Omnes
675 486 786 565 pariter
805 485 992 562 conclamant,
1013 505 1096 564 para·

74 591 124 644 tos
144 585 224 662 ipsos
245 581 345 662 sequi:
372 601 425 641 neo
443 583 546 658 labori,
567 601 621 642 neo
648 583 778 662 periculo
797 589 935 660 parceret.
997 581 1096 662 Igitur

74 683 188 757 raptim
208 697 316 758 agmen,
329 683 434 738 curaris
455 679 548 758 magis
571 683 659 758 quam
680 679 794 738 itineris
813 677 908 754 modo,
929 678 1027 756 ducit;
1059 697 1096 738 na

75 779 220 834 nocturnal
232 774 348 852 quidem
369 775 468 854 quiete
489 774 625 834 diurnum
644 773 771 836 laborem
791 773 947 834 relaxante.
990 773 1095 854 Itaque

76 870 234 950 quingenta
246 871 342 930 stadia
354 871 504 949 processit,
518 877 744 949 perventumque
758 877 823 930 crat
836 869 866 928 in
879 869 984 944 vicum,
994 869 1026 927 in
1038 887 1096 948 quo

76 965 200 1026 Darium
222 966 332 1026 Bessus
356 966 616 1044 comprehenderat.
657 965 707 1026 Ibi
728 965 829 1024 Melon
849 963 934 1024 Darii
953 965 1096 1042 interpres

76 1061 239 1139 excipitur:
260 1081 378 1139 corpore
400 1081 487 1140 aeger,
509 1081 567 1121 nou
588 1068 726 1139 potuerat
747 1079 848 1140 agmen
868 1061 967 1140 sequi:
997 1068 1028 1120 et
1049 1059 1096 1120 de-

74 1158 233 1235 prehensus
259 1157 408 1217 celeritate
432 1159 534 1236 Regis,
559 1158 741 1237 transfugam
773 1177 804 1217 se
838 1175 899 1216 esse
932 1157 1095 1219 simulabat.

74 1251 144 1310 ’Ex
165 1251 219 1310 hoc
240 1259 306 1308 aeta
327 1251 494 1329 cognoscit:
516 1251 570 1309 sed
590 1251 723 1330 fatigatis
743 1251 904 1310 necessaria
923 1251 1005 1331 quies
1025 1257 1095 1311 erat

75 1346 183 1425 Itaque
197 1345 317 1404 delectis
332 1344 462 1422 equiturn
476 1363 529 1402 sex
539 1345 668 1404 millibus
680 1353 835 1420 trecentos,
845 1363 917 1423 quoe
929 1347 1098 1406 Dimocbua

76 1440 273 1517 appellabant,
297 1438 439 1517 adjungit.
481 1437 592 1498 'Dorso
614 1439 647 1498 hi
668 1439 803 1518 graviora
823 1459 904 1498 arma
925 1439 1098 1514 portabant:

77 1536 222 1594 caeterum
234 1534 316 1612 equis
329 1533 524 1611 vehebantur;
546 1536 613 1592 edm
626 1553 673 1594 res
693 1535 830 1614 locusque
850 1543 988 1614 posceret,
1000 1535 1099 1613 pedes-

78 1630 135 1688 tris
149 1629 224 1688 acies
237 1637 307 1690 erat
348 1629 422 1689 Haec
436 1637 570 1709 agentem
583 1631 782 1691 Alexandrum
796 1631 903 1690 adeunt
925 1630 1050 1692 Orsillos
1070 1637 1100 1691 et

77 1723 290 1802 Mytbracenee,
303 1724 355 1803 qui
367 1723 452 1784 Bessi
474 1725 661 1803 parricidium
675 1726 754 1785 exosi
775 1726 1008 1806 transfugerant:
1028 1745 1099 1786 nun·

76 1819 255 1897 oiabantque,
271 1819 365 1878 stadia
377 1819 534 1898 quingenta
547 1820 646 1880 abessa
659 1816 786 1881 Persas:
807 1821 885 1899 ipsos
905 1821 1022 1881 brevius
1042 1821 1100 1880 iter

77 1922 294 1974 monstraturos.
357 1914 468 1976 Gratus
495 1915 573 1994 Regi
607 1916 748 1976 adrentus
781 1917 998 1996 bmsfngarum
1031 1917 1098 1975 fnit

78 2008 182 2086 Itaque
194 2009 288 2086 prima
308 2009 576 2086 cooperatoribus
597 2010 709 2086 iisdem,
723 2029 790 2068 cunr
810 2005 948 2088 'expedite
969 2010 1101 2090 equitum

77 2123 165 2162 manu
177 2110 367 2162 monstratam
380 2104 458 2164 viam
470 2104 643 2182 ingreditur,
656 2105 798 2184 phalange
811 2107 954 2183 quantum
963 2106 1101 2164 festinare

79 2205 178 2274 posset
192 2198 273 2276 sequi
284 2199 375 2274 juset.
410 2197 479 2274 Ipse
491 2198 633 2276 quadrato
642 2199 755 2278 agmine
769 2199 914 2275 inoedene,
929 2200 972 2258 ita
985 2218 1102 2258 cursum

81 2295 209 2375 regebat
223 2296 278 2353 ⁴nt
289 2295 378 2373 primi
391 2295 526 2374 conjungi
539 2296 652 2354 ultimis
666 2303 793 2373 possent

142 2394 188 2450 35.
212 2389 353 2448 Trecenta
366 2389 462 2448 stadia
474 2397 681 2468 processerant,
696 2393 764 2449 crim
777 2391 902 2450 occurrit
922 2389 1102 2452 Brocubelus

80 2485 186 2546 Marsi
206 2485 290 2561 filius,
305 2484 399 2563 Syriae
418 2483 562 2564 quondam
582 2485 704 2547 Praetor.
759 2485 792 2545 Is
817 2506 929 2566 quoque
951 2485 1103 2566 transfuga

79 2581 241 2656 nunciabat,
257 2581 404 2640 “Bessum
414 2581 492 2639 haud
501 2581 627 2659 ampliate
641 2583 729 2661 quim
739 2582 863 2640 ducenta
872 2581 967 2641 stadia
981 2582 1099 2643 abesse:

80 2677 246 2749 exercitum,
259 2675 362 2754 utpote
386 2675 438 2754 qui
458 2675 532 2734 nihil
553 2683 738 2754 praecaveret,
753 2677 973 2755 incompositum
996 2675 1102 2735 inordi-

80 2779 235 2852 natumque
247 2771 419 2849 procedere:
434 2771 613 2850 Hyrcaniam
622 2773 886 2851 rideripetituros3
910 2771 936 2830 si
950 2771 1103 2830 festinaret

82 2867 171 2945 sequi,
204 2867 370 2944 palantibus
403 2872 662 2944 superventurum:
694 2866 818 2925 Darium
851 2865 945 2924 adhuc
978 2863 1127 2926 rivere.”·

83 2963 226 3022 ⁵Strenuo
240 2960 348 3038 alioqui
361 2961 550 3038 cupiditatem
570 2959 763 3046 consequendi
783 2959 935 3040 transfuga
955 2959 1101 3038 iniecerat.

83 3057 189 3136 Itaque
202 3055 363 3116 calcaribus
377 3055 512 3132 subditis,
527 3056 616 3116 effuso
630 3073 718 3114 cursu
731 3061 807 3115 eunt.
840 3054 963 3135 Jamque
970 3057 1104 3116 fremitus

83 3153 210 3212 bostium
224 3151 283 3210 iter
295 3150 522 3230 ingredientium
535 3150 763 3210 exaudiebatur:
785 3150 836 3210 sed
855 3159 1035 3231 prospectum
1055 3151 1103 3211 ad·

85 3254 192 3306 emerat
204 3247 333 3325 pulveris
346 3247 444 3307 nubes.
485 3246 641 3324 Paulisper
654 3247 722 3326 ergb
733 3245 860 3308 inhibuit
873 3267 998 3324 cursum,
1013 3248 1104 3306 donec

86 3343 250 3402 consideret
271 3343 377 3420 pulvis.
421 3342 548 3422 Jamque
570 3343 717 3421 conspecti
740 3362 758 3401 a
785 3343 925 3404 Barbarie
952 3349 1045 3413 erant,
1074 3345 1105 3398 et

86 3437 275 3498 ‘abeuntium
296 3455 400 3515 agmen
423 3444 640 3516 conspexerant,
654 3457 835 3519 nequaquam
856 3439 950 3497 futuri
970 3453 1063 3513 pares,
1078 3433 1105 3492 si

88 3531 181 3592 Besso
194 3533 310 3590 tantrlm
325 3533 416 3590 animi
439 3533 545 3591 fuisset
558 3532 596 3591 ad
619 3534 764 3612 pralium,
779 3533 921 3612 quantum
936 3529 973 3588 ad
987 3527 1105 3604 parrici-

89 3629 168 3688 dium
192 3628 296 3686 fuerat.
351 3626 485 3708 Namque
510 3634 541 3687 et
565 3627 689 3690 Barbari
716 3647 837 3687 numero
861 3622 1047 3700 praestabant,
1075 3627 1106 3681 et

89 3723 200 3782 robore.
245 3721 295 3780 Ad
310 3721 363 3779 boo
377 3723 480 3780 refecti
501 3741 567 3782 cum
590 3722 723 3802 fatigatis
737 3727 882 3778 certamen
897 3716 999 3774 inituri
1013 3726 1103 3777 eraut

91 3817 148 3878 Sed
177 3836 283 3877 nomen
312 3816 474 3876 Alexandri
501 3824 532 3876 et
558 3818 644 3890 fama,
668 3814 827 3874 maximum
849 3811 880 3868 iu
906 3811 982 3872 bello
1004 3813 1104 3892 utique
