2520 4390
370 331 493 374 trouu
521 332 574 372 vr.
604 333 692 374 cnr.
724 333 769 374 11.
1021 313 1075 372 118

62 470 183 530 horrens
197 469 375 549 ‘peregrinis
395 470 514 532 auribus
535 491 658 531 carmen.
702 471 787 532 Inter
807 489 880 550 ques
901 489 987 528 unam
1008 469 1075 528 Rex

61 567 126 644 ipse
140 567 293 644 conspexit
304 567 479 628 moestiorem
493 567 582 646 qudm
595 575 722 642 caeteras,
732 575 762 626 et
770 566 995 645 producentibus
1009 584 1074 624 enm

61 662 227 722 verecunde
251 662 448 722 reluctantem.
477 663 652 724 Excellens
676 669 740 722 eret
765 664 867 736 forma,
896 669 925 720 et
952 661 1073 719 formam

61 757 159 833 pudor
173 757 349 818 honestabat.
391 757 524 834 Dejeotis
538 757 569 816 in
580 765 688 818 terram
699 757 798 832 oculis,
814 765 844 816 et
853 760 992 836 quauthm
1006 755 1072 814 lice·

62 851 124 924 bat,
140 869 189 910 oro
214 851 318 926 velato,
341 852 533 929 suspicionem
555 853 681 929 praebnit
699 853 777 931 Regi
800 851 973 911 nobiliorem
1000 869 1072 923 esse,

61 944 151 1022 quern
164 952 199 1002 nt
211 945 287 1006 inter
301 947 465 1007 convivales
480 946 564 1005 ludos
579 947 698 1007 deberet
718 946 842 1006 ostendi.
885 945 965 1022 Ergd
986 945 1072 1004 inter·

60 1046 162 1115 rogata
174 1060 307 1118 quaenam
321 1049 405 1115 esset,
428 1045 574 1118 “neptem
590 1061 621 1100 so
644 1041 727 1116 Ochi,
738 1042 788 1120 qui
810 1060 903 1118 nuper
923 1041 1073 1118 regnasse

59 1133 90 1190 in
104 1133 215 1209 Persis,
230 1136 290 1194 filio
304 1139 368 1212 ejus
387 1135 514 1213 genitam
535 1137 625 1210 esse,’'
646 1137 813 1214 respondit;
834 1138 979 1194 “uxorem
995 1135 1072 1212 Hys-

58 1229 154 1306 taspis
167 1231 289 1290 fuisse.''
331 1231 517 1310 Propinquus
538 1230 586 1288 hio
608 1230 694 1299 Darii
713 1232 827 1306 iuerat3
849 1229 946 1306 magni
967 1236 997 1288 ct
1010 1229 1072 1306 ipsa

58 1323 209 1382 exercitiis
224 1324 348 1383 Praetor,
410 1324 518 1382 Adhuc
538 1325 570 1382 in
591 1325 686 1384 animo
707 1325 799 1404 Regis
819 1333 922 1382 tenues
941 1323 1073 1401 reliquiae

57 1418 180 1494 pristini
193 1419 282 1476 moris
295 1418 451 1478 haerebant.
483 1417 590 1496 Itaque
601 1419 747 1480 fortunam
760 1419 842 1498 regit
853 1419 942 1496 stirpe
956 1417 1073 1518 genitae,

60 1519 92 1570 et
112 1519 173 1570 tam
194 1513 308 1572 celebre
328 1533 431 1572 nomen
445 1514 597 1588 reveritus,
611 1533 669 1573 non
690 1513 800 1574 dimitti
820 1513 909 1573 modi>
931 1513 1072 1591 captivam

13 1593 23 1608 ⁸
59 1607 113 1667 sed
128 1607 216 1666 etiem
229 1609 348 1673 restitui
362 1609 389 1668 ei
412 1629 478 1668 sues
493 1629 562 1687 opes
582 1611 688 1688 jussit;
710 1610 805 1672 virum
819 1629 933 1689 quoqne
955 1609 1072 1688 requiri,

57 1711 93 1761 ut
106 1709 222 1782 'reperto
236 1706 387 1783 conjugem
407 1705 551 1764 redderet
594 1705 719 1764 Postero
744 1711 841 1764 autem
864 1705 910 1764 die
931 1703 1072 1782 praeccpit

60 1797 264 1876 Hephaestioni
277 1807 312 1856 ut
325 1817 423 1858 omnes
437 1799 566 1877 captivos
580 1799 610 1858 in
620 1801 730 1880 regium
741 1801 860 1877 juberet
871 1799 977 1858 adduci
988 1819 994 1876 ;
1010 1799 1070 1874 ubi,

59 1893 239 1970 singulorum
251 1894 405 1954 nobilitate
420 1898 561 1972 spectate,
575 1895 721 1956 ‘secrevit
733 1895 855 1974 evulgo,
866 1915 989 1974 quorum
1004 1894 1071 1952 emi·

58 1989 146 2050 nebat
158 2008 258 2068 genus.
315 1989 401 2048 Mille
414 1989 446 2047 hi
459 1991 589 2063 fuerunt,
603 1991 681 2050 inter
694 2010 766 2069 quos
780 1999 914 2068 repertus
927 1997 972 2050 est
993 1989 1070 2050 Oxa-

57 2083 140 2140 thres
154 2083 238 2142 Darii
250 2084 351 2156 irater,
365 2057 424 2142 nhn
437 2083 519 2142 illius
539 2084 667 2158 fortune,
680 2086 771 2162 quiem
792 2083 893 2142 indole
916 2083 1006 2143 animi
1026 2083 1072 2140 sui

57 2177 173 2234 clarior.
234 2175 348 2234 XXVI
375 2175 469 2234 mihis
495 2177 640 2236 talentdm
667 2178 801 2254 proximi.
825 2178 926 2254 praede
953 2176 1073 2236 reducta

57 2278 163 2330 erant:
195 2291 211 2329 e
235 2270 318 2349 queis
340 2267 384 2328 xri
404 2271 499 2329 millia
519 2271 550 2330 in
574 2271 752 2349 congiarium
772 2271 899 2330 militnm
920 2270 1073 2348 absumpta

57 2372 137 2425 sunt.
179 2365 241 2424 Par
262 2365 329 2424 huic
349 2366 479 2443 pecuniae
493 2385 604 2424 summe
617 2366 770 2426 custodum
790 2367 893 2426 fraude
907 2367 1070 2442 substructa

57 2469 111 2520 est.
156 2459 308 2538 Oxydates
322 2467 385 2526 eret
398 2461 504 2522 nobilis
518 2461 633 2536 Perses,
649 2461 708 2541 qui,
730 2482 748 2520 e
768 2461 859 2522 Dario
871 2462 990 2541 capitali
1003 2481 1069 2540 sup·

55 2555 145 2634 plinio
169 2556 341 2631 destinatus,
369 2556 563 2616 cohibebatur·
584 2557 615 2616 in
642 2557 774 2618 vinculis.
838 2557 918 2618 Huic
945 2559 1069 2620 liberato

58 2650 222 2728 Satrapiam
247 2651 356 2712 Mediae
379 2651 532 2727 attribuit3
565 2653 744 2732 fratremque
773 2653 857 2712 Darii
890 2653 1005 2730 recepit
1039 2654 1071 2712 in

56 2747 204 2805 cohortem
218 2747 384 2820 amicorum,
397 2747 475 2806 omni
488 2753 614 2807 vetustae
628 2747 769 2806 claritatis
783 2747 892 2809 honore
906 2753 1028 2806 servato.

119 2847 144 2900 5.
167 2841 247 2900 Hine
273 2843 304 2900 in
328 2842 517 2900 Parthienenr
539 2849 711 2920 perventum
735 2849 791 2915 est,
820 2849 890 2900 tunc
914 2841 1070 2919 ignobilem

56 2944 184 3016 gentem,
198 2955 275 2994 nunc
296 2944 384 3014 caput
398 2938 536 3012 omnium,
550 2937 602 3016 qui
613 2944 692 3015 'post
715 2935 897 3013 Euphratem
912 2944 943 2997 et
958 2937 1069 3016 Tigrim

57 3051 156 3090 amnes
170 3031 229 3106 siti,
243 3030 332 3091 rubro
346 3030 418 3089 mari
440 3032 639 3104 terminantur.
691 3031 809 3109 Scythes
830 3031 975 3111 regionem
996 3053 1068 3093 cam·

55 3135 186 3205 pestrem
213 3144 246 3186 ac
280 3125 658 3206 fertilem-occupaverunt,
686 3127 806 3206 ⁷graves
840 3129 934 3188 adhuc
954 3131 1067 3190 accolae.

57 3221 150 3282 Sedes
173 3221 281 3281 habent
303 3229 333 3280 et
357 3222 387 3280 in
411 3221 540 3298 Europa,
566 3229 595 3279 et
618 3221 648 3279 in
675 3221 758 3282 Asis.
801 3221 859 3294 Qui
882 3244 969 3303 super
996 3226 1068 3284 Bos·

55 3317 180 3396 phorum
193 3317 300 3391 colunt,
315 3317 521 3377 adscribuntur
542 3311 639 3376 Asine(
674 3317 784 3397 Atqui
805 3318 835 3376 in
857 3319 978 3397 Europe
992 3325 1068 3386 sunt,

55 3433 74 3470 a
87 3412 162 3471 laevo
176 3409 305 3470 Threciae
318 3411 409 3470 latere
420 3411 458 3470 ed
473 3411 694 3490 Borysthenem,
709 3420 796 3491 etque
810 3413 877 3472 inde
892 3413 930 3470 ad
946 3413 1069 3470 Tanaim

55 3505 146 3564 alium
169 3525 291 3580 amnem,
316 3505 415 3565 ⁸recte
436 3506 525 3584 plagi
549 3506 682 3566 attinent.
736 3507 842 3566 Tanais
868 3507 1015 3581 Europum
1040 3511 1070 3561 et

57 3602 161 3660 Asiam
189 3601 302 3660 medius
330 3603 485 3662 interfluit:
516 3623 569 3662 nec
597 3603 749 3664 dubitatur
776 3602 846 3679 quin
875 3599 992 3675 Scythas
1020 3598 1070 3676 qui

56 3695 183 3755 Parthos
206 3695 371 3769 condidere,
393 3715 450 3754 non
470 3715 488 3754 a
508 3696 668 3774 Bosphoro,
683 3695 785 3756 sodex
804 3693 920 3769 regione
944 3691 1071 3772 Europae

53 3791 279 3867 penetraverint.
323 3789 401 3850 Urbs
416 3798 479 3850 erat
492 3794 527 3848 et
542 3797 715 3868 tempestate
740 3788 819 3846 clera
833 3787 1071 3866 Hecatompylos,
