<?xml version="1.0" encoding="UTF-8"?>
<!DOCTYPE html PUBLIC "-//W3C//DTD XHTML 1.0 Transitional//EN"
    "http://www.w3.org/TR/xhtml1/DTD/xhtml1-transitional.dtd">
<html xmlns="http://www.w3.org/1999/xhtml" xml:lang="en" lang="en">
 <head>
  <title>
</title>
<meta http-equiv="Content-Type" content="text/html;charset=utf-8" />
  <meta name='ocr-system' content='tesseract 3.04.00' />
  <meta name='ocr-capabilities' content='ocr_page ocr_carea ocr_par ocr_line ocrx_word'/>
</head>
<body>
  <div class='ocr_page' id='page_1' title='image "./quintuscurtiusr00cellgoog_0104.png"; bbox 0 0 2520 4390; ppageno 0'>
   <div class='ocr_carea' id='block_1_1' title="bbox 318 357 1021 416">
    <p class='ocr_par' dir='ltr' id='par_1_1' title="bbox 318 357 1021 416">
     <span class='ocr_line' id='line_1_1' title="bbox 318 357 1021 416; baseline 0.006 -4"><span class='ocrx_word' id='word_1_1' title='bbox 318 372 442 413; x_wconf 79' lang='lat' dir='ltr'><strong>rrnsn</strong></span> <span class='ocrx_word' id='word_1_2' title='bbox 471 373 506 414; x_wconf 91' lang='lat' dir='ltr'><strong>v.</strong></span> <span class='ocrx_word' id='word_1_3' title='bbox 538 373 624 414; x_wconf 78' lang='lat' dir='ltr'><strong>cnr.</strong></span> <span class='ocrx_word' id='word_1_4' title='bbox 655 373 707 414; x_wconf 81' lang='lat' dir='ltr'><strong>xv.</strong></span> <span class='ocrx_word' id='word_1_5' title='bbox 981 357 1021 416; x_wconf 79' lang='grc'><strong>89</strong></span> 
     </span>
    </p>
   </div>
   <div class='ocr_carea' id='block_1_2' title="bbox 53 510 1020 3910">
    <p class='ocr_par' dir='ltr' id='par_1_2' title="bbox 53 510 1020 3910">
     <span class='ocr_line' id='line_1_2' title="bbox 53 510 1020 592; baseline 0.001 -21"><span class='ocrx_word' id='word_1_6' title='bbox 53 519 147 590; x_wconf 89' lang='lat' dir='ltr'><strong>paverat</strong></span> <span class='ocrx_word' id='word_1_7' title='bbox 168 529 251 590; x_wconf 86' lang='lat' dir='ltr'><strong>rupes,</strong></span> <span class='ocrx_word' id='word_1_8' title='bbox 278 510 419 572; x_wconf 77' lang='lat' dir='ltr'><strong>abscissae</strong></span> <span class='ocrx_word' id='word_1_9' title='bbox 443 518 473 570; x_wconf 87' lang='lat' dir='ltr'><strong>et</strong></span> <span class='ocrx_word' id='word_1_10' title='bbox 499 511 629 591; x_wconf 75' lang='lat' dir='ltr'><strong>undique</strong></span> <span class='ocrx_word' id='word_1_11' title='bbox 656 519 826 590; x_wconf 81' lang='lat' dir='ltr'><strong>praeruptas,</strong></span> <span class='ocrx_word' id='word_1_12' title='bbox 847 512 1020 592; x_wconf 83' lang='lat' dir='ltr'><strong>inquorum</strong></span> 
     </span>
     <span class='ocr_line' id='line_1_3' title="bbox 53 607 1019 683; baseline 0.001 -17"><span class='ocrx_word' id='word_1_13' title='bbox 53 607 213 668; x_wconf 74' lang='lat' dir='ltr'><strong>acuminibus</strong></span> <span class='ocrx_word' id='word_1_14' title='bbox 232 614 315 666; x_wconf 85' lang='lat' dir='ltr'><strong>extra</strong></span> <span class='ocrx_word' id='word_1_15' title='bbox 335 607 388 666; x_wconf 89' lang='lat' dir='ltr'><strong>teli</strong></span> <span class='ocrx_word' id='word_1_16' title='bbox 406 609 519 683; x_wconf 89' lang='lat' dir='ltr'><strong>jaotum</strong></span> <span class='ocrx_word' id='word_1_17' title='bbox 540 607 667 669; x_wconf 85' lang='lat' dir='ltr'><strong>Barbari</strong></span> <span class='ocrx_word' id='word_1_18' title='bbox 690 609 816 682; x_wconf 83' lang='lat' dir='ltr'><strong>stabant,</strong></span> <span class='ocrx_word' id='word_1_19' title='bbox 839 611 859 638; x_wconf 82' lang='lat'><strong>¹¹</strong></span> <span class='ocrx_word' id='word_1_20' title='bbox 871 609 908 667; x_wconf 91' lang='lat' dir='ltr'><strong>de</strong></span> <span class='ocrx_word' id='word_1_21' title='bbox 922 609 1019 667; x_wconf 86' lang='lat' dir='ltr'><strong>indus·</strong></span> 
     </span>
     <span class='ocr_line' id='line_1_4' title="bbox 53 701 1019 782; baseline 0.002 -22"><span class='ocrx_word' id='word_1_22' title='bbox 53 703 96 761; x_wconf 71' lang='lat' dir='ltr'><strong>aie</strong></span> <span class='ocrx_word' id='word_1_23' title='bbox 108 703 191 782; x_wconf 77' lang='lat' dir='ltr'><strong>quieti,</strong></span> <span class='ocrx_word' id='word_1_24' title='bbox 203 709 230 760; x_wconf 89' lang='lat' dir='ltr'><strong>et</strong></span> <span class='ocrx_word' id='word_1_25' title='bbox 240 703 414 780; x_wconf 87' lang='lat' dir='ltr'><strong>paventibus</strong></span> <span class='ocrx_word' id='word_1_26' title='bbox 437 701 556 777; x_wconf 80' lang='lat' dir='ltr'>similes,</span> <span class='ocrx_word' id='word_1_27' title='bbox 572 702 664 762; x_wconf 85' lang='lat' dir='ltr'><strong>donee</strong></span> <span class='ocrx_word' id='word_1_28' title='bbox 685 703 716 760; x_wconf 93' lang='lat' dir='ltr'><strong>in</strong></span> <span class='ocrx_word' id='word_1_29' title='bbox 727 703 907 762; x_wconf 75' lang='lat' dir='ltr'><strong>arctissimas</strong></span> <span class='ocrx_word' id='word_1_30' title='bbox 920 705 1019 762; x_wconf 82' lang='lat' dir='ltr'><strong>lauoes</strong></span> 
     </span>
     <span class='ocr_line' id='line_1_5' title="bbox 53 795 1018 876; baseline 0.002 -20"><span class='ocrx_word' id='word_1_31' title='bbox 53 805 184 856; x_wconf 74' lang='lat' dir='ltr'><strong>tenetraret</strong></span> <span class='ocrx_word' id='word_1_32' title='bbox 195 817 296 876; x_wconf 84' lang='lat' dir='ltr'><strong>agmen.</strong></span> <span class='ocrx_word' id='word_1_33' title='bbox 342 795 428 866; x_wconf 82' lang='lat' dir='ltr'><strong>Quod</strong></span> <span class='ocrx_word' id='word_1_34' title='bbox 441 797 492 856; x_wconf 86' lang='lat' dir='ltr'><strong>nbi</strong></span> <span class='ocrx_word' id='word_1_35' title='bbox 516 805 684 875; x_wconf 78' lang='lat' dir='ltr'><strong>contemptu</strong></span> <span class='ocrx_word' id='word_1_36' title='bbox 706 797 752 856; x_wconf 92' lang='lat' dir='ltr'><strong>sui</strong></span> <span class='ocrx_word' id='word_1_37' title='bbox 772 819 892 876; x_wconf 80' lang='lat' dir='ltr'>pergere</span> <span class='ocrx_word' id='word_1_38' title='bbox 905 798 1018 874; x_wconf 83' lang='lat' dir='ltr'><strong>vident,</strong></span> 
     </span>
     <span class='ocr_line' id='line_1_6' title="bbox 54 891 1020 971; baseline 0.003 -22"><span class='ocrx_word' id='word_1_39' title='bbox 54 913 95 949; x_wconf 89' lang='lat' dir='ltr'><strong>nm</strong></span> <span class='ocrx_word' id='word_1_40' title='bbox 115 893 173 952; x_wconf 84' lang='lat' dir='ltr'><strong>verb</strong></span> <span class='ocrx_word' id='word_1_41' title='bbox 192 891 311 970; x_wconf 88' lang='lat' dir='ltr'><strong>ingentis</strong></span> <span class='ocrx_word' id='word_1_42' title='bbox 335 891 544 970; x_wconf 77' lang='lat' dir='ltr'><strong>magnitudinis</strong></span> <span class='ocrx_word' id='word_1_43' title='bbox 567 911 638 952; x_wconf 79' lang='lat' dir='ltr'><strong>sexo</strong></span> <span class='ocrx_word' id='word_1_44' title='bbox 658 913 709 970; x_wconf 89' lang='lat' dir='ltr'><strong>per</strong></span> <span class='ocrx_word' id='word_1_45' title='bbox 735 893 910 952; x_wconf 81' lang='lat' dir='ltr'><strong>¹¹montium</strong></span> <span class='ocrx_word' id='word_1_46' title='bbox 929 913 1020 971; x_wconf 87' lang='lat' dir='ltr'><strong>prona</strong></span> 
     </span>
     <span class='ocr_line' id='line_1_7' title="bbox 53 987 1019 1066; baseline 0.003 -23"><span class='ocrx_word' id='word_1_47' title='bbox 53 987 180 1062; x_wconf 72' lang='lat' dir='ltr'><strong>evolvunt,</strong></span> <span class='ocrx_word' id='word_1_48' title='bbox 197 1007 258 1066; x_wconf 88' lang='lat' dir='ltr'><strong>quae</strong></span> <span class='ocrx_word' id='word_1_49' title='bbox 282 987 397 1046; x_wconf 88' lang='lat' dir='ltr'><strong>ineossa</strong></span> <span class='ocrx_word' id='word_1_50' title='bbox 421 987 532 1064; x_wconf 76' lang='lat' dir='ltr'><strong>sapius</strong></span> <span class='ocrx_word' id='word_1_51' title='bbox 555 988 774 1065; x_wconf 76' lang='lat' dir='ltr'><strong>subjacentibus</strong></span> <span class='ocrx_word' id='word_1_52' title='bbox 797 989 890 1066; x_wconf 86' lang='lat' dir='ltr'><strong>petris</strong></span> <span class='ocrx_word' id='word_1_53' title='bbox 910 991 1019 1065; x_wconf 87' lang='lat' dir='ltr'><strong>majore</strong></span> 
     </span>
     <span class='ocr_line' id='line_1_8' title="bbox 53 1081 1016 1162; baseline 0.004 -24"><span class='ocrx_word' id='word_1_54' title='bbox 53 1083 60 1138; x_wconf 92' lang='lat' dir='ltr'><strong>i</strong></span> <span class='ocrx_word' id='word_1_55' title='bbox 72 1082 239 1142; x_wconf 80' lang='lat' dir='ltr'><strong>insedebant:</strong></span> <span class='ocrx_word' id='word_1_56' title='bbox 263 1101 317 1141; x_wconf 90' lang='lat' dir='ltr'><strong>neo</strong></span> <span class='ocrx_word' id='word_1_57' title='bbox 331 1081 461 1161; x_wconf 83' lang='lat' dir='ltr'><strong>singulos</strong></span> <span class='ocrx_word' id='word_1_58' title='bbox 475 1082 570 1157; x_wconf 77' lang='lat' dir='ltr'><strong>modo,</strong></span> <span class='ocrx_word' id='word_1_59' title='bbox 586 1083 607 1114; x_wconf 75' lang='lat'><strong>¹²</strong></span> <span class='ocrx_word' id='word_1_60' title='bbox 619 1083 671 1142; x_wconf 85' lang='lat' dir='ltr'><strong>sed</strong></span> <span class='ocrx_word' id='word_1_61' title='bbox 692 1083 808 1162; x_wconf 82' lang='lat' dir='ltr'><strong>agmins</strong></span> <span class='ocrx_word' id='word_1_62' title='bbox 820 1083 1016 1162; x_wconf 86' lang='lat' dir='ltr'><strong>proterebant.</strong></span> 
     </span>
     <span class='ocr_line' id='line_1_9' title="bbox 53 1177 1016 1258; baseline 0.002 -24"><span class='ocrx_word' id='word_1_63' title='bbox 53 1177 131 1236; x_wconf 74' lang='lat' dir='ltr'><strong>&#39;undis</strong></span> <span class='ocrx_word' id='word_1_64' title='bbox 143 1197 245 1257; x_wconf 82' lang='lat' dir='ltr'><strong>quoque</strong></span> <span class='ocrx_word' id='word_1_65' title='bbox 259 1177 375 1236; x_wconf 83' lang='lat' dir='ltr'><strong>excussi</strong></span> <span class='ocrx_word' id='word_1_66' title='bbox 398 1177 519 1255; x_wconf 87' lang='lat' dir='ltr'><strong>lapides,</strong></span> <span class='ocrx_word' id='word_1_67' title='bbox 534 1186 565 1236; x_wconf 93' lang='lat' dir='ltr'><strong>et</strong></span> <span class='ocrx_word' id='word_1_68' title='bbox 578 1179 694 1256; x_wconf 78' lang='lat' dir='ltr'><strong>sagittae</strong></span> <span class='ocrx_word' id='word_1_69' title='bbox 706 1179 836 1257; x_wconf 87' lang='lat' dir='ltr'><strong>undique</strong></span> <span class='ocrx_word' id='word_1_70' title='bbox 849 1179 1016 1258; x_wconf 77' lang='lat' dir='ltr'><strong>ingerebam</strong></span> 
     </span>
     <span class='ocr_line' id='line_1_10' title="bbox 53 1273 1018 1352; baseline 0.003 -22"><span class='ocrx_word' id='word_1_71' title='bbox 53 1293 78 1330; x_wconf 76' lang='lat' dir='ltr'><strong>rr.</strong></span> <span class='ocrx_word' id='word_1_72' title='bbox 129 1273 186 1332; x_wconf 85' lang='lat' dir='ltr'><strong>Nee</strong></span> <span class='ocrx_word' id='word_1_73' title='bbox 215 1273 244 1331; x_wconf 93' lang='lat' dir='ltr'><strong>id</strong></span> <span class='ocrx_word' id='word_1_74' title='bbox 278 1273 473 1332; x_wconf 87' lang='lat' dir='ltr'><strong>miserrimum</strong></span> <span class='ocrx_word' id='word_1_75' title='bbox 505 1273 632 1333; x_wconf 81' lang='lat' dir='ltr'><strong>fortibus</strong></span> <span class='ocrx_word' id='word_1_76' title='bbox 658 1273 730 1332; x_wconf 88' lang='lat' dir='ltr'><strong>viris</strong></span> <span class='ocrx_word' id='word_1_77' title='bbox 757 1281 829 1347; x_wconf 84' lang='lat' dir='ltr'><strong>erat,</strong></span> <span class='ocrx_word' id='word_1_78' title='bbox 859 1275 910 1332; x_wconf 86' lang='lat' dir='ltr'><strong>sed</strong></span> <span class='ocrx_word' id='word_1_79' title='bbox 938 1273 1018 1352; x_wconf 87' lang='lat' dir='ltr'><strong>qudd</strong></span> 
     </span>
     <span class='ocr_line' id='line_1_11' title="bbox 54 1365 1018 1444; baseline 0.003 -20"><span class='ocrx_word' id='word_1_80' title='bbox 54 1367 106 1424; x_wconf 90' lang='lat' dir='ltr'><strong>ulti</strong></span> <span class='ocrx_word' id='word_1_81' title='bbox 124 1366 239 1444; x_wconf 83' lang='lat' dir='ltr'><strong>quidem,</strong></span> <span class='ocrx_word' id='word_1_82' title='bbox 254 1367 381 1424; x_wconf 78' lang='lat' dir='ltr'><strong>ferarum</strong></span> <span class='ocrx_word' id='word_1_83' title='bbox 400 1367 471 1440; x_wconf 89' lang='lat' dir='ltr'><strong>ritu,</strong></span> <span class='ocrx_word' id='word_1_84' title='bbox 484 1365 566 1426; x_wconf 87' lang='lat' dir='ltr'><strong>velut</strong></span> <span class='ocrx_word' id='word_1_85' title='bbox 586 1367 617 1424; x_wconf 91' lang='lat' dir='ltr'><strong>in</strong></span> <span class='ocrx_word' id='word_1_86' title='bbox 636 1367 723 1426; x_wconf 73' lang='lat' dir='ltr'><strong>fovet.</strong></span> <span class='ocrx_word' id='word_1_87' title='bbox 737 1367 917 1444; x_wconf 78' lang='lat' dir='ltr'><strong>deprehensi,</strong></span> <span class='ocrx_word' id='word_1_88' title='bbox 930 1367 1018 1427; x_wconf 80' lang='lat' dir='ltr'><strong>easde-</strong></span> 
     </span>
     <span class='ocr_line' id='line_1_12' title="bbox 55 1460 1017 1540; baseline 0.002 -22"><span class='ocrx_word' id='word_1_89' title='bbox 55 1469 126 1518; x_wconf 90' lang='lat' dir='ltr'><strong>ntur.</strong></span> <span class='ocrx_word' id='word_1_90' title='bbox 164 1461 211 1518; x_wconf 74' lang='lat' dir='ltr'><strong>Ire</strong></span> <span class='ocrx_word' id='word_1_91' title='bbox 224 1461 315 1540; x_wconf 89' lang='lat' dir='ltr'><strong>igitur</strong></span> <span class='ocrx_word' id='word_1_92' title='bbox 329 1461 360 1518; x_wconf 92' lang='lat' dir='ltr'><strong>in</strong></span> <span class='ocrx_word' id='word_1_93' title='bbox 373 1460 483 1521; x_wconf 80' lang='lat' dir='ltr'><strong>rabiem</strong></span> <span class='ocrx_word' id='word_1_94' title='bbox 497 1464 591 1535; x_wconf 68' lang='lat' dir='ltr'><strong>verse,</strong></span> <span class='ocrx_word' id='word_1_95' title='bbox 606 1460 764 1519; x_wconf 88' lang='lat' dir='ltr'><strong>eminentia</strong></span> <span class='ocrx_word' id='word_1_96' title='bbox 784 1480 854 1520; x_wconf 84' lang='lat' dir='ltr'><strong>saxa</strong></span> <span class='ocrx_word' id='word_1_97' title='bbox 868 1462 1017 1540; x_wconf 76' lang='lat' dir='ltr'><strong>complexi,</strong></span> 
     </span>
     <span class='ocr_line' id='line_1_13' title="bbox 53 1555 1018 1633; baseline 0.003 -21"><span class='ocrx_word' id='word_1_98' title='bbox 53 1555 110 1612; x_wconf 42' lang='lat' dir='ltr'><strong>sad</strong></span> <span class='ocrx_word' id='word_1_99' title='bbox 134 1555 239 1613; x_wconf 79' lang='lat' dir='ltr'><strong>hostem</strong></span> <span class='ocrx_word' id='word_1_100' title='bbox 263 1555 454 1633; x_wconf 87' lang='lat' dir='ltr'><strong>pervenirent,</strong></span> <span class='ocrx_word' id='word_1_101' title='bbox 475 1555 550 1614; x_wconf 87' lang='lat' dir='ltr'><strong>elius</strong></span> <span class='ocrx_word' id='word_1_102' title='bbox 571 1555 662 1614; x_wconf 88' lang='lat' dir='ltr'><strong>alium</strong></span> <span class='ocrx_word' id='word_1_103' title='bbox 685 1555 817 1615; x_wconf 74' lang='lat' dir='ltr'><strong>levantes</strong></span> <span class='ocrx_word' id='word_1_104' title='bbox 840 1556 1018 1616; x_wconf 79' lang='lat' dir='ltr'><strong>conabantur</strong></span> 
     </span>
     <span class='ocr_line' id='line_1_14' title="bbox 53 1650 1018 1730; baseline 0.003 -23"><span class='ocrx_word' id='word_1_105' title='bbox 53 1650 184 1709; x_wconf 81' lang='lat' dir='ltr'><strong>rendere:</strong></span> <span class='ocrx_word' id='word_1_106' title='bbox 205 1650 267 1710; x_wconf 71' lang='lat' dir='ltr'><strong>l*ea</strong></span> <span class='ocrx_word' id='word_1_107' title='bbox 289 1650 354 1728; x_wconf 87' lang='lat' dir='ltr'><strong>ipse</strong></span> <span class='ocrx_word' id='word_1_108' title='bbox 378 1651 536 1710; x_wconf 88' lang='lat' dir='ltr'><strong>multorum</strong></span> <span class='ocrx_word' id='word_1_109' title='bbox 560 1651 648 1710; x_wconf 89' lang='lat' dir='ltr'><strong>simul</strong></span> <span class='ocrx_word' id='word_1_110' title='bbox 671 1651 805 1711; x_wconf 83' lang='lat' dir='ltr'><strong>monibus</strong></span> <span class='ocrx_word' id='word_1_111' title='bbox 827 1659 958 1730; x_wconf 80' lang='lat' dir='ltr'><strong>correpte</strong></span> <span class='ocrx_word' id='word_1_112' title='bbox 986 1657 1018 1710; x_wconf 87' lang='lat' dir='ltr'><strong>et</strong></span> 
     </span>
     <span class='ocr_line' id='line_1_15' title="bbox 53 1745 1016 1824; baseline 0.003 -21"><span class='ocrx_word' id='word_1_113' title='bbox 53 1745 151 1820; x_wconf 83' lang='lat' dir='ltr'><strong>evulsa,</strong></span> <span class='ocrx_word' id='word_1_114' title='bbox 164 1745 193 1804; x_wconf 91' lang='lat' dir='ltr'><strong>in</strong></span> <span class='ocrx_word' id='word_1_115' title='bbox 216 1765 271 1820; x_wconf 86' lang='lat' dir='ltr'><strong>eos,</strong></span> <span class='ocrx_word' id='word_1_116' title='bbox 286 1746 337 1824; x_wconf 89' lang='lat' dir='ltr'><strong>qui</strong></span> <span class='ocrx_word' id='word_1_117' title='bbox 362 1753 585 1823; x_wconf 76' lang='lat' dir='ltr'><strong>commoverent,</strong></span> <span class='ocrx_word' id='word_1_118' title='bbox 605 1746 783 1808; x_wconf 79' lang='lat' dir='ltr'><strong>recidebant</strong></span> <span class='ocrx_word' id='word_1_119' title='bbox 826 1747 920 1806; x_wconf 76' lang='lat' dir='ltr'><strong>¹‘Neo</strong></span> <span class='ocrx_word' id='word_1_120' title='bbox 939 1753 1016 1807; x_wconf 86' lang='lat' dir='ltr'><strong>stare</strong></span> 
     </span>
     <span class='ocr_line' id='line_1_16' title="bbox 53 1841 1016 1921; baseline 0.003 -22"><span class='ocrx_word' id='word_1_121' title='bbox 53 1842 88 1918; x_wconf 73' lang='lat' dir='ltr'><strong>gd,</strong></span> <span class='ocrx_word' id='word_1_122' title='bbox 115 1861 166 1900; x_wconf 85' lang='lat' dir='ltr'><strong>neo</strong></span> <span class='ocrx_word' id='word_1_123' title='bbox 191 1841 254 1916; x_wconf 91' lang='lat' dir='ltr'><strong>niti,</strong></span> <span class='ocrx_word' id='word_1_124' title='bbox 279 1861 316 1898; x_wconf 91' lang='lat' dir='ltr'><strong>ne</strong></span> <span class='ocrx_word' id='word_1_125' title='bbox 339 1841 486 1900; x_wconf 77' lang='lat' dir='ltr'><strong>testudine</strong></span> <span class='ocrx_word' id='word_1_126' title='bbox 510 1842 626 1921; x_wconf 86' lang='lat' dir='ltr'><strong>quidem</strong></span> <span class='ocrx_word' id='word_1_127' title='bbox 649 1843 763 1921; x_wconf 77' lang='lat' dir='ltr'><strong>protegi</strong></span> <span class='ocrx_word' id='word_1_128' title='bbox 784 1849 928 1920; x_wconf 82' lang='lat' dir='ltr'><strong>poterant,</strong></span> <span class='ocrx_word' id='word_1_129' title='bbox 951 1845 1016 1902; x_wconf 73' lang='lat' dir='ltr'><strong>oum</strong></span> 
     </span>
     <span class='ocr_line' id='line_1_17' title="bbox 53 1936 1016 2016; baseline 0.002 -22"><span class='ocrx_word' id='word_1_130' title='bbox 53 1944 97 1994; x_wconf 77' lang='lat' dir='ltr'><strong>rtae</strong></span> <span class='ocrx_word' id='word_1_131' title='bbox 109 1936 192 1995; x_wconf 86' lang='lat' dir='ltr'><strong>molis</strong></span> <span class='ocrx_word' id='word_1_132' title='bbox 205 1955 293 1994; x_wconf 88' lang='lat' dir='ltr'><strong>onera</strong></span> <span class='ocrx_word' id='word_1_133' title='bbox 311 1936 508 2014; x_wconf 86' lang='lat' dir='ltr'><strong>propellerent</strong></span> <span class='ocrx_word' id='word_1_134' title='bbox 529 1937 665 1998; x_wconf 88' lang='lat' dir='ltr'><strong>Barbari.</strong></span> <span class='ocrx_word' id='word_1_135' title='bbox 717 1937 830 2016; x_wconf 80' lang='lat' dir='ltr'><strong>Regem</strong></span> <span class='ocrx_word' id='word_1_136' title='bbox 852 1957 911 1996; x_wconf 94' lang='lat' dir='ltr'><strong>non</strong></span> <span class='ocrx_word' id='word_1_137' title='bbox 933 1937 1016 1996; x_wconf 92' lang='lat' dir='ltr'><strong>dolor</strong></span> 
     </span>
     <span class='ocr_line' id='line_1_18' title="bbox 53 2031 1016 2110; baseline 0.004 -22"><span class='ocrx_word' id='word_1_138' title='bbox 53 2031 98 2106; x_wconf 83' lang='lat' dir='ltr'><strong>db,</strong></span> <span class='ocrx_word' id='word_1_139' title='bbox 125 2031 177 2090; x_wconf 85' lang='lat' dir='ltr'><strong>sed</strong></span> <span class='ocrx_word' id='word_1_140' title='bbox 203 2031 289 2090; x_wconf 89' lang='lat' dir='ltr'><strong>etiam</strong></span> <span class='ocrx_word' id='word_1_141' title='bbox 316 2031 410 2109; x_wconf 89' lang='lat' dir='ltr'><strong>pudor</strong></span> <span class='ocrx_word' id='word_1_142' title='bbox 430 2034 539 2090; x_wconf 77' lang='lat' dir='ltr'><strong>temere</strong></span> <span class='ocrx_word' id='word_1_143' title='bbox 560 2033 592 2090; x_wconf 88' lang='lat' dir='ltr'><strong>in</strong></span> <span class='ocrx_word' id='word_1_144' title='bbox 619 2031 686 2091; x_wconf 88' lang='lat' dir='ltr'><strong>illas</strong></span> <span class='ocrx_word' id='word_1_145' title='bbox 715 2036 864 2110; x_wconf 88' lang='lat' dir='ltr'><strong>angustias</strong></span> <span class='ocrx_word' id='word_1_146' title='bbox 891 2032 1016 2110; x_wconf 89' lang='lat' dir='ltr'><strong>oonjeoti</strong></span> 
     </span>
     <span class='ocr_line' id='line_1_19' title="bbox 53 2125 1017 2206; baseline 0.004 -25"><span class='ocrx_word' id='word_1_147' title='bbox 53 2127 150 2186; x_wconf 78' lang='lat' dir='ltr'><strong>neituis</strong></span> <span class='ocrx_word' id='word_1_148' title='bbox 174 2127 305 2206; x_wconf 82' lang='lat' dir='ltr'><strong>angebat</strong></span> <span class='ocrx_word' id='word_1_149' title='bbox 361 2126 494 2186; x_wconf 87' lang='lat' dir='ltr'><strong>Invietus</strong></span> <span class='ocrx_word' id='word_1_150' title='bbox 523 2134 591 2185; x_wconf 90' lang='lat' dir='ltr'><strong>ante</strong></span> <span class='ocrx_word' id='word_1_151' title='bbox 618 2147 682 2185; x_wconf 88' lang='lat' dir='ltr'><strong>eam</strong></span> <span class='ocrx_word' id='word_1_152' title='bbox 708 2127 786 2184; x_wconf 89' lang='lat' dir='ltr'><strong>diem</strong></span> <span class='ocrx_word' id='word_1_153' title='bbox 812 2128 921 2201; x_wconf 86' lang='lat' dir='ltr'><strong>fuerat,</strong></span> <span class='ocrx_word' id='word_1_154' title='bbox 941 2125 1017 2185; x_wconf 90' lang='lat' dir='ltr'><strong>nihil</strong></span> 
     </span>
     <span class='ocr_line' id='line_1_20' title="bbox 53 2219 1017 2298; baseline 0.001 -20"><span class='ocrx_word' id='word_1_155' title='bbox 53 2223 114 2278; x_wconf 74' lang='lat' dir='ltr'><strong>soa</strong></span> <span class='ocrx_word' id='word_1_156' title='bbox 129 2239 237 2280; x_wconf 85' lang='lat' dir='ltr'><strong>ausus:</strong></span> <span class='ocrx_word' id='word_1_157' title='bbox 258 2221 376 2297; x_wconf 73' lang='lat' dir='ltr'><strong>impune</strong></span> <span class='ocrx_word' id='word_1_158' title='bbox 388 2219 499 2280; x_wconf 81' lang='lat' dir='ltr'><strong>(lilioiee</strong></span> <span class='ocrx_word' id='word_1_159' title='bbox 513 2221 613 2278; x_wconf 85' lang='lat' dir='ltr'><strong>fauoes</strong></span> <span class='ocrx_word' id='word_1_160' title='bbox 627 2221 809 2296; x_wconf 73' lang='lat' dir='ltr'><strong>intraverat,</strong></span> <span class='ocrx_word' id='word_1_161' title='bbox 833 2223 854 2250; x_wconf 86' lang='lat'><strong>¹⁸</strong></span> <span class='ocrx_word' id='word_1_162' title='bbox 865 2221 938 2280; x_wconf 84' lang='lat' dir='ltr'><strong>mari</strong></span> <span class='ocrx_word' id='word_1_163' title='bbox 950 2239 1017 2298; x_wconf 88' lang='lat' dir='ltr'><strong>quo·</strong></span> 
     </span>
     <span class='ocr_line' id='line_1_21' title="bbox 53 2314 1018 2392; baseline 0 -19"><span class='ocrx_word' id='word_1_164' title='bbox 53 2343 55 2367; x_wconf 65' lang='grc' dir='ltr'>ε</span> <span class='ocrx_word' id='word_1_165' title='bbox 70 2335 179 2374; x_wconf 89' lang='lat' dir='ltr'><strong>novum</strong></span> <span class='ocrx_word' id='word_1_166' title='bbox 194 2315 251 2372; x_wconf 90' lang='lat' dir='ltr'><strong>iter</strong></span> <span class='ocrx_word' id='word_1_167' title='bbox 264 2315 295 2372; x_wconf 91' lang='lat' dir='ltr'><strong>in</strong></span> <span class='ocrx_word' id='word_1_168' title='bbox 309 2314 514 2391; x_wconf 81' lang='lat' dir='ltr'><strong>Pamphyliam</strong></span> <span class='ocrx_word' id='word_1_169' title='bbox 534 2321 694 2392; x_wconf 87' lang='lat' dir='ltr'><strong>aperuerat.</strong></span> <span class='ocrx_word' id='word_1_170' title='bbox 738 2314 820 2373; x_wconf 74' lang='lat' dir='ltr'><strong>Tune</strong></span> <span class='ocrx_word' id='word_1_171' title='bbox 835 2315 1018 2376; x_wconf 72' lang='lat' dir='ltr'><strong>Hhaesitabat</strong></span> 
     </span>
     <span class='ocr_line' id='line_1_22' title="bbox 55 2408 1016 2490; baseline 0.002 -22"><span class='ocrx_word' id='word_1_172' title='bbox 55 2409 180 2468; x_wconf 87' lang='lat' dir='ltr'><strong>rehensa</strong></span> <span class='ocrx_word' id='word_1_173' title='bbox 202 2409 349 2486; x_wconf 73' lang='lat' dir='ltr'><strong>felicitas,</strong></span> <span class='ocrx_word' id='word_1_174' title='bbox 371 2428 423 2468; x_wconf 91' lang='lat' dir='ltr'><strong>neo</strong></span> <span class='ocrx_word' id='word_1_175' title='bbox 448 2408 528 2467; x_wconf 90' lang='lat' dir='ltr'><strong>aliud</strong></span> <span class='ocrx_word' id='word_1_176' title='bbox 547 2409 707 2468; x_wconf 87' lang='lat' dir='ltr'><strong>remedium</strong></span> <span class='ocrx_word' id='word_1_177' title='bbox 721 2417 793 2484; x_wconf 88' lang='lat' dir='ltr'><strong>erat,</strong></span> <span class='ocrx_word' id='word_1_178' title='bbox 808 2413 895 2490; x_wconf 72' lang='lat' dir='ltr'><strong>quam</strong></span> <span class='ocrx_word' id='word_1_179' title='bbox 908 2411 1016 2471; x_wconf 87' lang='lat' dir='ltr'><strong>reverti</strong></span> 
     </span>
     <span class='ocr_line' id='line_1_23' title="bbox 53 2503 1014 2584; baseline 0.002 -20"><span class='ocrx_word' id='word_1_180' title='bbox 53 2511 82 2565; x_wconf 78' lang='lat' dir='ltr'><strong>rat</strong></span> <span class='ocrx_word' id='word_1_181' title='bbox 104 2513 235 2566; x_wconf 87' lang='lat' dir='ltr'><strong>venerat.</strong></span> <span class='ocrx_word' id='word_1_182' title='bbox 279 2505 385 2584; x_wconf 84' lang='lat' dir='ltr'><strong>Itaque</strong></span> <span class='ocrx_word' id='word_1_183' title='bbox 407 2504 633 2582; x_wconf 85' lang='lat' dir='ltr'><strong>signoreoeptui</strong></span> <span class='ocrx_word' id='word_1_184' title='bbox 655 2503 732 2582; x_wconf 84' lang='lat' dir='ltr'><strong>dato,</strong></span> <span class='ocrx_word' id='word_1_185' title='bbox 753 2505 882 2566; x_wconf 86' lang='lat' dir='ltr'><strong>densetis</strong></span> <span class='ocrx_word' id='word_1_186' title='bbox 909 2507 1014 2566; x_wconf 88' lang='lat' dir='ltr'><strong>ordini·</strong></span> 
     </span>
     <span class='ocr_line' id='line_1_24' title="bbox 53 2599 1013 2682; baseline -0.002 -18"><span class='ocrx_word' id='word_1_187' title='bbox 53 2649 54 2666; x_wconf 39' lang='lat' dir='ltr'><strong>i</strong></span> <span class='ocrx_word' id='word_1_188' title='bbox 70 2603 225 2680; x_wconf 78' lang='lat' dir='ltr'><strong>scutisque</strong></span> <span class='ocrx_word' id='word_1_189' title='bbox 240 2621 324 2678; x_wconf 86' lang='lat' dir='ltr'><strong>super</strong></span> <span class='ocrx_word' id='word_1_190' title='bbox 337 2601 433 2678; x_wconf 86' lang='lat' dir='ltr'><strong>eapite</strong></span> <span class='ocrx_word' id='word_1_191' title='bbox 446 2601 594 2678; x_wconf 86' lang='lat' dir='ltr'><strong>eonsertis,</strong></span> <span class='ocrx_word' id='word_1_192' title='bbox 605 2602 683 2660; x_wconf 84' lang='lat' dir='ltr'><strong>retrd</strong></span> <span class='ocrx_word' id='word_1_193' title='bbox 697 2599 819 2662; x_wconf 88' lang='lat' dir='ltr'><strong>evadere</strong></span> <span class='ocrx_word' id='word_1_194' title='bbox 833 2603 901 2662; x_wconf 85' lang='lat' dir='ltr'><strong>Rex</strong></span> <span class='ocrx_word' id='word_1_195' title='bbox 914 2622 1013 2682; x_wconf 84' lang='lat' dir='ltr'><strong>angus·</strong></span> 
     </span>
     <span class='ocr_line' id='line_1_25' title="bbox 53 2696 827 2776; baseline 0.001 -21"><span class='ocrx_word' id='word_1_196' title='bbox 53 2698 160 2774; x_wconf 85' lang='lat' dir='ltr'><strong>jubet:</strong></span> <span class='ocrx_word' id='word_1_197' title='bbox 182 2697 308 2776; x_wconf 84' lang='lat' dir='ltr'><strong>triginta</strong></span> <span class='ocrx_word' id='word_1_198' title='bbox 320 2697 404 2756; x_wconf 73' lang='lat' dir='ltr'><strong>fuere</strong></span> <span class='ocrx_word' id='word_1_199' title='bbox 418 2696 520 2773; x_wconf 84' lang='lat' dir='ltr'><strong>stadia,</strong></span> <span class='ocrx_word' id='word_1_200' title='bbox 534 2717 599 2776; x_wconf 88' lang='lat' dir='ltr'><strong>quae</strong></span> <span class='ocrx_word' id='word_1_201' title='bbox 612 2697 737 2756; x_wconf 88' lang='lat' dir='ltr'><strong>remensi</strong></span> <span class='ocrx_word' id='word_1_202' title='bbox 750 2705 827 2756; x_wconf 86' lang='lat' dir='ltr'><strong>sunt.</strong></span> 
     </span>
     <span class='ocr_line' id='line_1_26' title="bbox 53 2790 1016 2870; baseline -0.001 -20"><span class='ocrx_word' id='word_1_203' title='bbox 53 2792 112 2852; x_wconf 88' lang='lat' dir='ltr'><strong>[V.</strong></span> <span class='ocrx_word' id='word_1_204' title='bbox 141 2795 185 2850; x_wconf 85' lang='grc'><strong>13.</strong></span> <span class='ocrx_word' id='word_1_205' title='bbox 211 2791 288 2850; x_wconf 72' lang='lat' dir='ltr'><strong>Tum</strong></span> <span class='ocrx_word' id='word_1_206' title='bbox 314 2791 418 2849; x_wconf 86' lang='lat' dir='ltr'><strong>eastris</strong></span> <span class='ocrx_word' id='word_1_207' title='bbox 441 2791 571 2870; x_wconf 73' lang='lat' dir='ltr'><strong>undique</strong></span> <span class='ocrx_word' id='word_1_208' title='bbox 598 2799 699 2869; x_wconf 89' lang='lat' dir='ltr'><strong>aperto</strong></span> <span class='ocrx_word' id='word_1_209' title='bbox 726 2791 791 2850; x_wconf 84' lang='lat' dir='ltr'><strong>loeo</strong></span> <span class='ocrx_word' id='word_1_210' title='bbox 818 2790 931 2868; x_wconf 89' lang='lat' dir='ltr'><strong>positis,</strong></span> <span class='ocrx_word' id='word_1_211' title='bbox 958 2807 1016 2849; x_wconf 89' lang='lat' dir='ltr'><strong>non</strong></span> 
     </span>
     <span class='ocr_line' id='line_1_27' title="bbox 53 2883 1014 2965; baseline 0.002 -23"><span class='ocrx_word' id='word_1_212' title='bbox 53 2885 165 2943; x_wconf 73' lang='lat' dir='ltr'><strong>sultare</strong></span> <span class='ocrx_word' id='word_1_213' title='bbox 185 2885 275 2944; x_wconf 79' lang='lat' dir='ltr'><strong>modo</strong></span> <span class='ocrx_word' id='word_1_214' title='bbox 295 2885 367 2964; x_wconf 87' lang='lat' dir='ltr'><strong>quid</strong></span> <span class='ocrx_word' id='word_1_215' title='bbox 390 2885 535 2964; x_wconf 87' lang='lat' dir='ltr'><strong>agendum</strong></span> <span class='ocrx_word' id='word_1_216' title='bbox 559 2893 646 2956; x_wconf 85' lang='lat' dir='ltr'><strong>esset,</strong></span> <span class='ocrx_word' id='word_1_217' title='bbox 661 2885 809 2962; x_wconf 63' lang='lat' dir='ltr'><strong>sadyates</strong></span> <span class='ocrx_word' id='word_1_218' title='bbox 832 2905 946 2965; x_wconf 88' lang='lat' dir='ltr'><strong>quoque</strong></span> <span class='ocrx_word' id='word_1_219' title='bbox 968 2883 1014 2944; x_wconf 86' lang='lat' dir='ltr'><strong>ad·</strong></span> 
     </span>
     <span class='ocr_line' id='line_1_28' title="bbox 54 2977 1013 3058; baseline 0.001 -21"><span class='ocrx_word' id='word_1_220' title='bbox 54 2999 90 3037; x_wconf 91' lang='lat' dir='ltr'><strong>re</strong></span> <span class='ocrx_word' id='word_1_221' title='bbox 105 2979 204 3056; x_wconf 84' lang='lat' dir='ltr'><strong>ooepit</strong></span> <span class='ocrx_word' id='word_1_222' title='bbox 224 2999 242 3037; x_wconf 88' lang='lat' dir='ltr'><strong>a</strong></span> <span class='ocrx_word' id='word_1_223' title='bbox 262 2979 466 3057; x_wconf 77' lang='lat' dir='ltr'><strong>superstitione</strong></span> <span class='ocrx_word' id='word_1_224' title='bbox 491 2979 588 3038; x_wconf 86' lang='lat' dir='ltr'><strong>animi.</strong></span> <span class='ocrx_word' id='word_1_225' title='bbox 631 2978 714 3040; x_wconf 84' lang='lat' dir='ltr'><strong>¹Sed</strong></span> <span class='ocrx_word' id='word_1_226' title='bbox 734 2977 805 3057; x_wconf 86' lang='lat' dir='ltr'><strong>qnid</strong></span> <span class='ocrx_word' id='word_1_227' title='bbox 829 2986 899 3038; x_wconf 88' lang='lat' dir='ltr'><strong>tuno</strong></span> <span class='ocrx_word' id='word_1_228' title='bbox 912 2979 1013 3058; x_wconf 78' lang='lat' dir='ltr'><strong>praedi·</strong></span> 
     </span>
     <span class='ocr_line' id='line_1_29' title="bbox 74 3073 1013 3151; baseline 0.001 -19"><span class='ocrx_word' id='word_1_229' title='bbox 74 3073 276 3145; x_wconf 85' lang='lat' dir='ltr'><strong>Aristander,</strong></span> <span class='ocrx_word' id='word_1_230' title='bbox 301 3074 348 3132; x_wconf 90' lang='lat' dir='ltr'><strong>oui</strong></span> <span class='ocrx_word' id='word_1_231' title='bbox 373 3080 436 3132; x_wconf 89' lang='lat' dir='ltr'><strong>tum</strong></span> <span class='ocrx_word' id='word_1_232' title='bbox 458 3074 617 3151; x_wconf 75' lang='lat' dir='ltr'><strong>plurimum</strong></span> <span class='ocrx_word' id='word_1_233' title='bbox 641 3073 815 3133; x_wconf 78' lang='lat' dir='ltr'><strong>medebatur</strong></span> <span class='ocrx_word' id='word_1_234' title='bbox 828 3093 865 3133; x_wconf 84' lang='lat' dir='ltr'><strong>ex</strong></span> <span class='ocrx_word' id='word_1_235' title='bbox 886 3075 1013 3149; x_wconf 84' lang='lat' dir='ltr'><strong>vatibus,</strong></span> 
     </span>
     <span class='ocr_line' id='line_1_30' title="bbox 53 3167 1014 3248; baseline 0.004 -22"><span class='ocrx_word' id='word_1_236' title='bbox 53 3169 130 3228; x_wconf 81' lang='lat' dir='ltr'><strong>rat?</strong></span> <span class='ocrx_word' id='word_1_237' title='bbox 176 3169 288 3247; x_wconf 86' lang='lat' dir='ltr'><strong>Itaque</strong></span> <span class='ocrx_word' id='word_1_238' title='bbox 312 3168 457 3227; x_wconf 86' lang='lat' dir='ltr'><strong>damnatis</strong></span> <span class='ocrx_word' id='word_1_239' title='bbox 481 3167 696 3246; x_wconf 81' lang='lat' dir='ltr'><strong>intempestivis</strong></span> <span class='ocrx_word' id='word_1_240' title='bbox 721 3169 879 3246; x_wconf 78' lang='lat' dir='ltr'><strong>sacrifieiis,</strong></span> <span class='ocrx_word' id='word_1_241' title='bbox 903 3171 1014 3248; x_wconf 84' lang='lat' dir='ltr'><strong>peritos</strong></span> 
     </span>
     <span class='ocr_line' id='line_1_31' title="bbox 53 3262 1015 3340; baseline 0.001 -19"><span class='ocrx_word' id='word_1_242' title='bbox 53 3285 116 3322; x_wconf 71' lang='lat' dir='ltr'><strong>rum</strong></span> <span class='ocrx_word' id='word_1_243' title='bbox 148 3264 311 3324; x_wconf 83' lang='lat' dir='ltr'><strong>convoeari</strong></span> <span class='ocrx_word' id='word_1_244' title='bbox 336 3263 431 3340; x_wconf 84' lang='lat' dir='ltr'><strong>jubet.</strong></span> <span class='ocrx_word' id='word_1_245' title='bbox 488 3263 548 3322; x_wconf 92' lang='lat' dir='ltr'><strong>Per</strong></span> <span class='ocrx_word' id='word_1_246' title='bbox 575 3262 706 3322; x_wconf 85' lang='lat' dir='ltr'><strong>Mediam</strong></span> <span class='ocrx_word' id='word_1_247' title='bbox 739 3264 797 3323; x_wconf 90' lang='lat' dir='ltr'><strong>iter</strong></span> <span class='ocrx_word' id='word_1_248' title='bbox 824 3267 1015 3326; x_wconf 82' lang='lat' dir='ltr'><strong>ostendebant</strong></span> 
     </span>
     <span class='ocr_line' id='line_1_32' title="bbox 53 3357 1013 3438; baseline 0.001 -23"><span class='ocrx_word' id='word_1_249' title='bbox 53 3380 76 3415; x_wconf 88' lang='lat' dir='ltr'><strong>n</strong></span> <span class='ocrx_word' id='word_1_250' title='bbox 93 3365 317 3437; x_wconf 84' lang='lat' dir='ltr'><strong>apertumque:</strong></span> <span class='ocrx_word' id='word_1_251' title='bbox 339 3358 391 3418; x_wconf 87' lang='lat' dir='ltr'><strong>sed</strong></span> <span class='ocrx_word' id='word_1_252' title='bbox 405 3358 474 3418; x_wconf 86' lang='lat' dir='ltr'><strong>Rex</strong></span> <span class='ocrx_word' id='word_1_253' title='bbox 499 3357 633 3418; x_wconf 88' lang='lat' dir='ltr'><strong>deserere</strong></span> <span class='ocrx_word' id='word_1_254' title='bbox 653 3358 762 3420; x_wconf 89' lang='lat' dir='ltr'><strong>milites</strong></span> <span class='ocrx_word' id='word_1_255' title='bbox 776 3361 938 3438; x_wconf 87' lang='lat' dir='ltr'><strong>insepultos</strong></span> <span class='ocrx_word' id='word_1_256' title='bbox 953 3379 1013 3417; x_wconf 89' lang='lat' dir='ltr'><strong>eru·</strong></span> 
     </span>
     <span class='ocr_line' id='line_1_33' title="bbox 53 3453 1014 3532; baseline -0.001 -21"><span class='ocrx_word' id='word_1_257' title='bbox 53 3453 130 3530; x_wconf 76' lang='lat' dir='ltr'><strong>ebat,</strong></span> <span class='ocrx_word' id='word_1_258' title='bbox 146 3453 199 3512; x_wconf 68' lang='lat' dir='ltr'><strong>ita</strong></span> <span class='ocrx_word' id='word_1_259' title='bbox 214 3454 325 3512; x_wconf 85' lang='lat' dir='ltr'><strong>tradito</strong></span> <span class='ocrx_word' id='word_1_260' title='bbox 339 3473 426 3532; x_wconf 88' lang='lat' dir='ltr'><strong>more,</strong></span> <span class='ocrx_word' id='word_1_261' title='bbox 439 3453 536 3513; x_wconf 85' lang='lat' dir='ltr'><strong>utvix</strong></span> <span class='ocrx_word' id='word_1_262' title='bbox 560 3454 653 3514; x_wconf 83' lang='lat' dir='ltr'><strong>ullum</strong></span> <span class='ocrx_word' id='word_1_263' title='bbox 677 3456 792 3516; x_wconf 86' lang='lat' dir='ltr'><strong>militiae</strong></span> <span class='ocrx_word' id='word_1_264' title='bbox 812 3463 873 3514; x_wconf 91' lang='lat' dir='ltr'><strong>tam</strong></span> <span class='ocrx_word' id='word_1_265' title='bbox 887 3453 1014 3513; x_wconf 87' lang='lat' dir='ltr'><strong>solemne</strong></span> 
     </span>
     <span class='ocr_line' id='line_1_34' title="bbox 68 3548 1015 3628; baseline -0.006 -21"><span class='ocrx_word' id='word_1_266' title='bbox 68 3565 203 3622; x_wconf 89' lang='lat' dir='ltr'><strong>munus,</strong></span> <span class='ocrx_word' id='word_1_267' title='bbox 220 3569 307 3626; x_wconf 89' lang='lat' dir='ltr'><strong>quam</strong></span> <span class='ocrx_word' id='word_1_268' title='bbox 320 3548 460 3606; x_wconf 87' lang='lat' dir='ltr'><strong>humandi</strong></span> <span class='ocrx_word' id='word_1_269' title='bbox 474 3567 549 3608; x_wconf 88' lang='lat' dir='ltr'><strong>suos.</strong></span> <span class='ocrx_word' id='word_1_270' title='bbox 592 3548 731 3628; x_wconf 77' lang='lat' dir='ltr'><strong>Captivos</strong></span> <span class='ocrx_word' id='word_1_271' title='bbox 745 3551 823 3626; x_wconf 80' lang='lat' dir='ltr'><strong>ergo,</strong></span> <span class='ocrx_word' id='word_1_272' title='bbox 837 3565 910 3624; x_wconf 89' lang='lat' dir='ltr'><strong>quos</strong></span> <span class='ocrx_word' id='word_1_273' title='bbox 923 3563 1015 3621; x_wconf 89' lang='lat' dir='ltr'><strong>nuper</strong></span> 
     </span>
     <span class='ocr_line' id='line_1_35' title="bbox 53 3637 1013 3723; baseline -0.002 -22"><span class='ocrx_word' id='word_1_274' title='bbox 53 3650 149 3718; x_wconf 75' lang='lat' dir='ltr'><strong>verat,</strong></span> <span class='ocrx_word' id='word_1_275' title='bbox 166 3643 274 3702; x_wconf 82' lang='lat' dir='ltr'><strong>vocari</strong></span> <span class='ocrx_word' id='word_1_276' title='bbox 285 3643 387 3720; x_wconf 87' lang='lat' dir='ltr'><strong>jubet:</strong></span> <span class='ocrx_word' id='word_1_277' title='bbox 408 3643 486 3702; x_wconf 89' lang='lat' dir='ltr'><strong>inter</strong></span> <span class='ocrx_word' id='word_1_278' title='bbox 499 3663 573 3723; x_wconf 87' lang='lat' dir='ltr'><strong>quos</strong></span> <span class='ocrx_word' id='word_1_279' title='bbox 596 3651 660 3703; x_wconf 88' lang='lat' dir='ltr'><strong>erat</strong></span> <span class='ocrx_word' id='word_1_280' title='bbox 681 3640 926 3722; x_wconf 68' lang='lat' dir='ltr'><strong>quidamfiraeeee</strong></span> <span class='ocrx_word' id='word_1_281' title='bbox 947 3637 1013 3699; x_wconf 88' lang='lat' dir='ltr'><strong>Per·</strong></span> 
     </span>
     <span class='ocr_line' id='line_1_36' title="bbox 53 3733 1013 3818; baseline -0.002 -22"><span class='ocrx_word' id='word_1_282' title='bbox 53 3759 102 3816; x_wconf 62' lang='lat' dir='ltr'><strong>,ue</strong></span> <span class='ocrx_word' id='word_1_283' title='bbox 132 3739 259 3816; x_wconf 87' lang='lat' dir='ltr'><strong>linguae</strong></span> <span class='ocrx_word' id='word_1_284' title='bbox 282 3739 403 3815; x_wconf 87' lang='lat' dir='ltr'><strong>peritus,</strong></span> <span class='ocrx_word' id='word_1_285' title='bbox 425 3739 476 3818; x_wconf 86' lang='lat' dir='ltr'><strong>qui</strong></span> <span class='ocrx_word' id='word_1_286' title='bbox 499 3741 611 3798; x_wconf 71' lang='lat' dir='ltr'><strong>frustrat</strong></span> <span class='ocrx_word' id='word_1_287' title='bbox 625 3759 693 3797; x_wconf 87' lang='lat' dir='ltr'><strong>eum</strong></span> <span class='ocrx_word' id='word_1_288' title='bbox 712 3737 743 3793; x_wconf 93' lang='lat' dir='ltr'><strong>in</strong></span> <span class='ocrx_word' id='word_1_289' title='bbox 766 3733 1013 3794; x_wconf 83' lang='lat' dir='ltr'><strong>Persidemmon·</strong></span> 
     </span>
     <span class='ocr_line' id='line_1_37' title="bbox 58 3830 1014 3910; baseline 0 -18"><span class='ocrx_word' id='word_1_290' title='bbox 58 3834 164 3894; x_wconf 89' lang='lat' dir='ltr'><strong>dorso</strong></span> <span class='ocrx_word' id='word_1_291' title='bbox 181 3833 349 3894; x_wconf 85' lang='lat' dir='ltr'><strong>exereitum</strong></span> <span class='ocrx_word' id='word_1_292' title='bbox 370 3834 478 3894; x_wconf 83' lang='lat' dir='ltr'><strong>dooere</strong></span> <span class='ocrx_word' id='word_1_293' title='bbox 489 3835 630 3893; x_wconf 79' lang='lat' dir='ltr'><strong>affirmat:</strong></span> <span class='ocrx_word' id='word_1_294' title='bbox 652 3830 812 3910; x_wconf 78' lang='lat' dir='ltr'><strong>sylvestres</strong></span> <span class='ocrx_word' id='word_1_295' title='bbox 833 3847 896 3890; x_wconf 85' lang='lat' dir='ltr'><strong>esse</strong></span> <span class='ocrx_word' id='word_1_296' title='bbox 917 3831 1014 3906; x_wconf 82' lang='lat' dir='ltr'><strong>ealles,</strong></span> 
     </span>
    </p>
   </div>
   <div class='ocr_carea' id='block_1_3' title="bbox 0 0 1264 4390">
    <p class='ocr_par' dir='ltr' id='par_1_3' title="bbox 0 0 1264 4390">
     <span class='ocr_line' id='line_1_38' title="bbox 0 0 1264 4390; baseline 0 0"><span class='ocrx_word' id='word_1_297' title='bbox 0 0 1264 4390; x_wconf 95' lang='lat' dir='ltr'><strong> </strong></span> 
     </span>
    </p>
   </div>
  </div>
 </body>
</html>
