2642 4386
382 423 504 468 uranu
529 423 621 467 v111.
650 425 735 470 can.
764 425 836 466 vu.
1065 408 1121 468 193

105 563 169 640 Ille,
186 563 329 642 paulatim
341 569 437 622 mente
450 561 581 640 collecta,
595 561 666 644 quid
686 563 830 640 afferrent,
851 563 1015 646 interrogat.
1058 563 1088 626 N
1090 583 1123 628 ea

103 667 254 718 annotatus
282 659 473 738 Eurylochus,
500 677 558 718 non
585 679 622 718 ex
648 665 712 718 toto
740 659 857 720 domum
884 680 966 720 suam
994 659 1122 722 aversari

105 757 193 830 Deos,
216 755 307 814 dixit:
336 755 404 834 quia
426 755 518 815 frater
540 755 642 834 ipsius,
666 775 829 836 quanquam
855 756 977 834 impium
1009 756 1123 816 facinus

102 871 193 910 ausus
216 852 299 926 forat,
324 858 420 910 tamen
443 857 473 909 et
496 851 725 930 ”penitentiam
749 853 813 930 ejus
836 859 943 934 ageret,
968 858 997 912 et
1020 871 1071 930 per
1090 871 1122 915 se

102 947 287 1024 potissimum
310 948 493 1026 profiteretur
506 947 663 1008 indicium:
684 947 716 1006 in
730 967 794 1008 eam
814 948 908 1026 ipsam
920 954 1044 1022 noctem,
1057 966 1123 1028 ques

102 1041 262 1118 decederet,
278 1041 399 1101 insidias
421 1047 601 1120 comparatas
623 1041 724 1104 fuisse.
767 1042 912 1104 Auctorea
926 1043 1044 1106 scelesti
1057 1059 1121 1105 ecn-

101 1137 161 1197 silii
175 1157 244 1214 esse,
258 1157 330 1216 quos
354 1136 473 1196 minime
489 1137 619 1196 crederet
632 1137 706 1198 Rex.
749 1137 825 1198 Tum
850 1137 1005 1216 Epimenes
1019 1144 1123 1201 cunule

99 1232 208 1308 ordine,
223 1233 456 1310 consciorumque
468 1231 583 1290 nomina
597 1232 722 1309 exponit.

161 1330 208 1386 24.
233 1327 432 1386 Oalisthenem
454 1345 511 1384 non
535 1333 569 1384 ut
591 1325 761 1403 participem
782 1325 920 1387 facinoris
942 1327 1122 1389 nominatum

57 1455 60 1464 ν
99 1441 165 1480 esse
187 1421 351 1494 constabat,
367 1421 419 1480 sed
440 1420 460 1448 ¹⁶
471 1421 591 1479 solitum
613 1440 770 1500 puerorum
794 1421 984 1496 sermonibus,
998 1421 1122 1500 vituper-

100 1519 217 1576 antium
232 1516 502 1595 criminantiumque
524 1515 643 1596 Regem,
658 1515 759 1575 faciles
774 1536 857 1578 aures
871 1516 1008 1594 praebere.
1052 1515 1121 1588 Qui-

99 1613 171 1670 dam
185 1611 335 1687 adjiciunt,
351 1611 419 1670 eum
435 1611 609 1670 Hermolaus
624 1611 702 1690 apud
723 1632 789 1670 eum
807 1631 922 1692 quoque
935 1611 1121 1677 verberatam

98 1727 134 1766 se
149 1727 166 1766 a
186 1707 270 1786 Rege
283 1713 462 1786 quereretur,
478 1707 588 1766 dixisse
604 1705 810 1783 Galisthenem,
825 1709 994 1795 meminisse
1014 1709 1120 1772 debere

97 1821 152 1862 ece
171 1807 233 1882 jam
247 1803 325 1862 viros
340 1821 412 1861 esse.
456 1801 551 1882 quue
573 1824 610 1862 au
635 1804 653 1832 ¹⁷
661 1803 699 1862 ad
721 1805 927 1866 consolandam
947 1806 1120 1884 patientiam

97 1898 261 1973 verberum,
277 1918 313 1956 an
329 1898 366 1956 ad
387 1898 566 1957 incitandum
577 1901 718 1976 juvenum
733 1900 753 1928 ¹⁶
762 1899 892 1962 dolorem
906 1900 1017 1962 dictum
1031 1909 1120 1980 esset,

96 1994 130 2052 in
156 1993 290 2072 ambiguo
305 1993 405 2052 fuisse.
448 1994 514 2052 Rex
528 1993 618 2052 animi
640 1995 827 2074 corporisque
851 2014 955 2072 sopore
979 1995 1119 2072 discusso,

95 2089 169 2148 cum
182 2088 258 2146 tanti
271 2087 394 2165 periculi
403 2089 482 2166 quod
496 2095 626 2147 evaserat
639 2089 734 2166 imago
749 2089 842 2148 oeulis
856 2089 1015 2164 oberraret,
1026 2090 1132 2168 noys

93 2183 216 2244 lechum
231 2181 441 2260 quinquaginta
454 2182 584 2256 talentis,
600 2190 629 2241 et
650 2183 803 2259 eujusdam
824 2183 1121 2262 Tyridatisopulenti

93 2279 185 2341 bonis
206 2277 295 2335 donat
314 2277 466 2354 protinus:
487 2277 674 2356 fratremque,
689 2278 845 2358 antequam
868 2295 920 2356 pro
942 2277 1036 2340 salute
1056 2281 1121 2356 ejus

92 2381 279 2453 precaretur,
304 2373 443 2431 restituit.
494 2371 619 2432 Sceleris
642 2379 740 2434 autem
762 2381 903 2450 auctores,
915 2374 1049 2456 interque
1070 2393 1119 2436 ecs

95 2470 308 2544 Calisthenem‚
323 2469 436 2530 vinctos
451 2468 595 2529 asservari
612 2468 706 2546 jubet.
751 2469 866 2542 Quibus
879 2469 910 2530 in
930 2469 1056 2552 Regiam
1069 2470 1119 2532 ad·

93 2567 204 2641 ductis,
220 2572 282 2626 tcto
306 2565 354 2624 die
378 2573 409 2624 et
429 2573 514 2624 noete
538 2565 672 2643 proxima
686 2585 765 2626 mero
786 2585 819 2626 ac
833 2565 942 2646 vigiliis
961 2567 1061 2645 gravis
1074 2587 1118 2630 au·

92 2661 218 2742 quievit.
262 2660 387 2720 Postero
405 2667 503 2720 autern
524 2659 581 2732 die,
595 2660 730 2740 frequens
744 2659 900 2720 concilium
911 2661 1056 2738 adhibuit,
1071 2661 1119 2724 eui

91 2764 198 2836 patres
219 2757 429 2835 propinquique
450 2775 559 2830 eorum,
582 2756 644 2816 ¹⁹de
661 2756 768 2836 quibus
782 2755 934 2836 agebatur,
948 2755 1120 2832 inurant,

90 2872 133 2910 ne
157 2851 194 2909 de
219 2853 272 2924 sim
295 2851 412 2928 quidem
434 2849 529 2910 salute
552 2850 664 2910 securi:
685 2837 1013 2929 quippeMacedonum
1037 2869 1120 2920 mere

89 2947 196 3026 perire
210 2943 362 3018 debebant,
377 2945 505 3004 omnium
520 2945 632 3004 devotis
652 2945 808 3022 capitibus,
822 2944 874 3023 qui
894 2944 1035 3024 sanguine
1050 2965 1118 3008 con·

90 3043 237 3123 tigissent
250 3057 307 3098 eos.
358 3039 426 3098 Rex
438 3039 583 3098 introduci
596 3042 772 3118 conjuratos,
786 3047 894 3118 praeter
909 3038 1118 3120 calisthenem,

97 3136 211 3216 jussit:
233 3143 320 3214 atque
334 3154 400 3214 quae
413 3134 595 3214 agitaverant
615 3135 677 3195 sine
697 3133 880 3206 cunctatione
894 3137 1019 3201 confessi
1038 3147 1115 3202 sunt

92 3230 327 3310 Increpantibus
339 3229 444 3288 deinde
455 3229 600 3290 universis
610 3249 668 3306 eos,
682 3229 746 3310 ipse
757 3230 834 3306 Rex,
848 3234 865 3266 ‘¹
876 3252 933 3312 quo
944 3252 997 3296 sao
1010 3235 1117 3298 meritc

90 3334 214 3388 tantum
227 3327 258 3384 in
272 3333 365 3384 semet
377 3325 556 3404 cogitassent
569 3325 682 3388 facium
691 3325 705 3387 i
715 3327 732 3358 ’²
746 3327 916 3408 interrogat.

160 3420 237 3480 VII.
260 3425 308 3479 25.
339 3421 534 3500 Stupentibus
554 3421 885 3500 eaeruflemonas,
906 3425 999 3493 “Nos
1018 3423 1115 3499 verd,”

92 3517 204 3596 inquit,
220 3519 237 3550 “
246 3517 390 3596 quoniam,
402 3517 487 3597 quasi
500 3517 623 3590 nescias,
632 3519 748 3598 quaeris,
758 3517 910 3588 occidendi
924 3526 954 3580 te
963 3516 1117 3583 remittam

92 3612 245 3688 inivimus,
260 3613 398 3690 quianon
411 3619 445 3674 nt
459 3613 611 3692 ¹iugenuie
625 3615 767 3692 imperare
782 3613 907 3692 coepisti,
920 3612 974 3672 sed
986 3611 1072 3690 quasi
1084 3611 1117 3672 in

90 3707 242 3786 mancipia
271 3705 456 3768 dominaris.”
498 3707 617 3768 Primus
639 3728 676 3768 ex
699 3709 833 3768 omnibus
852 3704 1051 3784 pateripaius,
1064 3705 1116 3770 So·

90 3801 183 3882 polis,
198 3801 374 3880 parricidam
388 3800 475 3864 etiam
489 3802 622 3880 parentis
636 3803 683 3864 sui
697 3802 849 3861 clamitans
863 3818 936 3874 esse,
950 3801 1114 3880 consurgit;

91 3904 128 3958 et
154 3897 192 3958 ad
218 3915 251 3957 os
274 3915 363 3962 mauu
384 3895 510 3976 objecta,
524 3897 633 3960 scelere
654 3903 686 3958 et
707 3895 794 3956 malis
816 3895 1009 3958 narrantem
1034 3897 1117 3966 nltrt
1175 3893 1179 3900 '

92 3982 101 3995 ⁴
271 3994 291 4050 9
