2622 4382
164 345 225 407 ιιι
513 346 653 410 casuri
680 333 845 401 auaris*

162 521 235 577 rem,
249 499 301 562 sed
312 517 350 560 cx
364 499 455 560 Dario
467 499 514 558 its
527 497 634 577 accepi,
647 499 705 558 tria
715 497 810 558 millia
827 497 972 558 talentum
986 497 1104 559 condita
1117 517 1187 561 esse

162 617 228 658 cnm
257 596 344 676 (lyra.
397 595 479 656 Hinc
505 595 559 654 illa
581 593 743 673 benignitas
767 594 799 652 in
822 601 862 669 tc,
887 599 943 674 ut,
958 594 1036 674 quod
1060 595 1185 675 impunc

161 693 271 754 habere
290 711 350 752 non
373 698 490 772 poterat
506 690 637 766 Orsines,
653 689 786 749 donando
809 691 897 748 etlam
919 691 1044 770 gratiam
1064 691 1184 751 iniret.”

162 787 365 850 Concitaverat
383 791 444 867 J'am
465 787 593 846 animum
615 786 646 844 in
667 785 749 860 iram,
764 788 828 844 clm
849 785 889 860 hi,
903 783 1009 864 quibus
1029 787 1182 865 negotium

160 885 242 946 idem
256 885 387 960 dederat,
402 881 619 961 superveniunt.
663 881 744 940 Hinc
758 881 883 960 Bagoas,
897 881 965 940 hino
979 881 1017 942 ab
1031 901 1064 942 co
1079 881 1183 944 subcr-

160 979 232 1058 nati,
255 980 339 1040 falsis
360 977 530 1038 criminibus
554 983 696 1054 occupant
718 995 809 1036 aures.
862 977 1029 1056 Antequam
1049 979 1183 1039 recusari

160 1093 192 1134 ae
209 1071 408 1153 suspicaretur¹
422 1071 553 1150 Orsines,
567 1071 598 1130 in
610 1071 728 1131 vinnula
742 1071 869 1130 traditus
884 1078 936 1131 est.
980 1071 1048 1132 Non
1065 1079 1182 1134 conten·

159 1177 209 1230 ιιι
236 1169 379 1248 supplicio
406 1169 532 1228 insontis
554 1167 644 1246 spado
667 1167 730 1245 ipse
754 1167 895 1226 morituro
922 1187 1040 1228 manum
1067 1169 1180 1247 injecit.

159 1264 256 1338 Quem
280 1264 402 1327 Orsines
423 1265 550 1340 intuens,
572 1261 791 1334 “Audieram'’
811 1263 915 1343 inquit,
937 1263 999 1322 “in
1020 1264 1095 1324 Asia
1110 1262 1183 1325 olim

159 1363 297 1441 regntsse
318 1361 468 1420 foeminas:
489 1359 544 1419 hoo
567 1359 638 1419 verb
658 1375 765 1418 novum
782 1364 836 1433 est,
850 1374 971 1436 regnare
990 1361 1182 1420 castratum.”

160 1455 223 1518 Hic
235 1457 294 1517 fuit
306 1457 404 1517 exitus
425 1455 600 1516 nobilissimi
622 1453 786 1532 Persarum,
799 1473 853 1513 nec
874 1454 998 1514 insontis
1017 1455 1112 1532 mcdb,
1128 1455 1183 1516 sed

160 1553 277 1613 eximiae
289 1554 403 1632 quoque
416 1551 606 1630 benignitatis
619 1550 650 1608 in
665 1549 786 1630 Regem.

223 1653 251 1708 5.
274 1647 389 1706 Eodem
413 1655 543 1724 tempore
569 1645 733 1704 Phradates
753 1665 874 1723 regnum
889 1643 1041 1705 affectasse
1065 1665 1182 1726 suspec-

159 1747 211 1802 ιιι
231 1741 382 1801 occiditur.
426 1743 445 1772 ¹²
458 1740 594 1817 Coeperat
618 1757 681 1800 esse
706 1759 835 1818 praeceps
859 1740 925 1799 ¹⁸ad
945 1741 1184 1819 repraesentanda

159 1834 311 1916 supplicia,
326 1835 397 1893 item
410 1835 448 1893 ad
469 1833 615 1894 deteriora
635 1835 786 1894 credenda.
829 1835 950 1896 Scilicet
969 1857 1017 1897 res
1044 1837 1183 1900 secundae

159 1930 260 1992 sulem
283 1936 462 1989 commutare
485 1935 639 2006 naturam
662 1937 694 1988 et
718 1933 786 1989 raro
805 1931 959 2010 quisquam
981 1933 1081 2012 ¹⁸erga
1104 1933 1183 1995 bona

160 2045 215 2088 aua
239 2026 312 2087 satia
340 2032 443 2085 cautus
468 2031 520 2084 est
577 2025 663 2086 Idem
687 2025 764 2084 enim
790 2026 878 2104 paulo
906 2027 974 2108 ante
1004 2027 1183 2107 Lyncestem

162 2122 374 2198 Alexandrum,
390 2121 521 2181 delatum
535 2141 552 2180 a
566 2120 680 2182 duobus
702 2119 859 2196 indicibus,
880 2121 1020 2183 damnare
1040 2143 1099 2183 non
1121 2143 1181 2185 sus-

161 2219 307 2296 tinuerat3
328 2217 497 2277 humiliores
517 2217 635 2296 ‘queque
658 2235 732 2291 reos,
758 2223 858 2276 contra
882 2236 964 2276 suam
991 2217 1181 2296 voluntatem,

162 2315 233 2396 quia
255 2315 372 2375 cacteris
396 2313 573 2374 videbantur
595 2313 736 2388 insontes,
759 2325 861 2390 passus
882 2313 1014 2374 absolui:
1048 2313 1183 2376 hostibus

163 2411 249 2472 uictis
269 2427 359 2488 regna
377 2409 532 2467 rediderat.
575 2407 626 2466 Ad
649 2408 786 2466 ultimum
809 2427 826 2466 a
850 2409 1006 2488 semetipso
1029 2409 1182 2489 degenero·

162 2505 208 2565 vit
220 2523 312 2582 usque
325 2503 405 2576 oded,
420 2509 461 2580 ut,
485 2503 505 2532 ‘⁰
516 2495 656 2560 adversus
678 2501 830 2562 libidinem
844 2504 941 2582 animi,
957 2497 1078 2565 arbitrio
1092 2507 1184 2567 scorti

164 2599 230 2662 aliis
252 2617 343 2678 regna
363 2597 456 2672 daret,
470 2597 538 2656 aliis
562 2595 705 2656 adimeret
718 2597 818 2658 vitam.
861 2598 973 2659 Iisdem
993 2601 1056 2660 fert
1078 2601 1184 2662 diebus

163 2695 280 2758 litteras
300 2715 318 2754 a
337 2691 428 2755 Ooeno
442 2693 554 2771 accepit
568 2692 602 2752 de
626 2692 714 2753 rebus
737 2693 769 2751 in
791 2693 912 2772 Europa
933 2702 964 2754 et
984 2696 1060 2754 Asia
1080 2698 1183 2776 gestis,

165 2793 234 2854 dum
248 2793 312 2872 ipse
326 2791 443 2852 Indiam
457 2789 574 2866 subigit.
620 2789 746 2867 Zopyrio
762 2789 895 2850 Thraciae
914 2791 1098 2870 praepositus,
1114 2793 1183 2852 dum

165 2890 384 2968 expeditionem
410 2888 441 2947 in
472 2885 563 2948 Getas
589 2885 706 2960 iaceret,
735 2887 960 2964 tempestatibus
986 2887 1183 2969 procellisque

165 2985 265 3046 subito
292 2984 410 3058 coortis,
438 3001 504 3042 oum
537 2989 601 3042 toto
635 2981 765 3042 exercitu
798 2999 954 3060 oppressus
989 2991 1059 3042 erat.
1116 2983 1184 3056 Qua

165 3079 283 3158 cognitt
306 3078 397 3153 clade,
423 3079 549 3138 Seuthes
565 3077 697 3156 Odrysas
719 3077 875 3156 populares
897 3097 964 3138 euos
987 3076 1025 3138 ad
1048 3079 1184 3140 defectio·

165 3193 233 3235 nem
254 3173 444 3252 compulerat
486 3174 606 3232 Amissa
627 3173 835 3252 propemodum
859 3173 992 3250 Thraciis,
1013 3195 1050 3234 ne
1070 3175 1186 3236 Graecia

166 3269 318 3352 ¹¹quidem

330 3359 493 3430 [memores
509 3361 623 3412 tumultu
638 3359 695 3413 tuit
729 3363 792 3414 cun
809 3361 877 3412 enim
894 3363 1045 3426 Alexander,
1063 3381 1095 3416 cx
1111 3363 1187 3418 Indis

167 3463 292 3509 reuersus,
313 3443 453 3514 prefectos,
468 3441 523 3510 qui,
545 3443 680 3510 desperem
698 3443 754 3511 ¹ejus
777 3442 872 3504 redito,
893 3447 1003 3512 superbe
1021 3446 1186 3516 imperarant,

168 3531 281 3584 severius
288 3531 410 3598 punisset,
419 3524 505 3580 ceteri
516 3541 626 3592 quoque,
634 3524 829 3592 prouincialium
837 3530 980 3582 metuentes
991 3529 1187 3594 accusationem

169 3629 218 3682 ope
229 3609 445 3664 mercenariorum
454 3605 571 3668 militum,
583 3605 677 3674 quibus
687 3611 821 3674 praeerant,
834 3612 860 3658 et
870 3608 931 3674 fuge
941 3609 991 3662 sibi
1001 3611 1110 3664 salntem
1121 3629 1188 3680 quse·

169 3695 268 3744 rebant
302 3693 439 3760 Harpalus,
449 3687 598 3758 Babylonia
605 3687 758 3756 postMuzaei
773 3693 879 3740 mortem
896 3691 1036 3757 prefectus,
1049 3695 1106 3744 cum
1116 3695 1189 3744 luxu·

169 3771 236 3822 riose
252 3771 364 3834 vixisset,
381 3772 457 3824 venit
476 3771 616 3839 desperata,
632 3785 652 3820 v
666 3767 778 3820 millibus
795 3769 919 3822 talentum
936 3773 1066 3840 correptis,
1087 3791 1145 3824 cum
1161 3791 1189 3827 ur

170 3847 283 3902 millibus
300 3853 515 3904 mercenariorum
529 3851 559 3903 in
577 3849 701 3904 Granium
719 3849 839 3919 profugit,
859 3851 953 3920 quibus
973 3859 1142 3920 persuaserat,
1162 3869 1189 3907 cs
