2642 4386
196 339 256 400 218
543 352 684 404 ourarr
710 353 853 398 ouurrr

194 492 226 554 in
245 492 337 554 muris
359 491 544 573 turribusque
565 512 597 554 se
623 493 727 554 armati
747 492 953 556 ostendebant:
983 491 1209 572 dubitabantque

194 589 377 664 Maoedoms,
399 589 593 650 deseruissent
613 589 715 650 urbem
738 589 849 666 insoles,
870 609 908 648 sn
927 589 1029 648 fraude
1049 608 1080 648 se
1099 589 1208 650 meule-

192 691 278 746 rent:
300 686 368 744 erim
395 684 494 746 subito
514 685 659 762 pstefaott
682 689 778 764 pontt,
802 685 869 746 Rex
890 685 983 744 Indus
1008 704 1074 744 oum
1096 684 1209 746 duobus

192 780 302 840 adultis
323 780 392 840 filiis
411 779 544 854 ooourrit,
557 780 681 841 multam
704 781 781 841 inter
794 799 892 840 ornnes
915 779 1062 840 Barbaros
1082 781 1209 840 eminens

192 877 320 955 eorporis
341 876 441 954 speeie.
483 875 585 936 Vestis
608 882 671 936 erat
693 895 765 936 suro
783 878 965 955 purpurtquo
985 875 1131 952 distinete,
1145 895 1211 954 quea

191 972 376 1061 etiamorura
396 969 518 1033 velabat.
559 971 668 1032 Aureis
688 971 775 1032 soleis
795 972 957 1032 inseruerat
976 991 1110 1050 gemmas
1152 972 1210 1032 La-

191 1065 266 1126 oerti
286 1085 399 1146 qnoque
420 1073 452 1125 et
475 1065 594 1127 braohis
613 1067 777 1146 margaritis
791 1073 894 1126 ornata
906 1072 995 1128 eraut
1037 1065 1211 1128 Pendebant
1312 1145 1313 1148 Ἴ

192 1179 229 1221 ex
242 1161 363 1223 auribus
375 1161 501 1241 insignes
514 1162 637 1222 omdore
648 1168 679 1221 et
690 1161 893 1241 magnitudine
899 1161 1002 1239 lapilli
1043 1159 1211 1222 'Batulum

192 1256 430 1335 eureumberylli
442 1255 664 1336 distinguebant.
705 1256 769 1328 Quo
782 1257 899 1333 tradito,
913 1263 1047 1336 preeetns
1061 1262 1096 1316 ut
1108 1275 1211 1334 sospes
1312 1275 1313 1290 ¹

192 1351 341 1430 sooiperet,
366 1372 406 1428 se,
431 1351 602 1431 liberosque,
625 1359 656 1412 et
675 1359 790 1432 gentem
812 1371 893 1412 suam
915 1351 1036 1412 dedidit
1085 1351 1212 1414 Nobiles

192 1447 231 1506 ad
255 1445 415 1508 venandum
436 1465 520 1506 osnes
543 1447 575 1506 in
598 1451 635 1506 ed
657 1447 774 1526 regione
796 1453 872 1507 sunt.
913 1446 1040 1506 Latratu
1063 1446 1210 1508 abstinere

192 1541 339 1618 dieantur,
352 1544 421 1601 edm
432 1541 534 1603 videre
546 1543 655 1618 feram3
676 1542 806 1604 leonibus
817 1541 942 1602 maximat
956 1541 1063 1602 infesti.
1091 1541 1210 1602 Horum

191 1637 251 1698 rirn
276 1644 311 1696 nt
338 1636 503 1696 ostenderet
529 1636 705 1713 Alexandro,
737 1637 770 1696 in
795 1643 929 1714 eousepto
955 1635 1065 1696 leonem
1090 1637 1210 1698 eximia

191 1731 402 1810 magnitudinis
432 1731 522 1808 jussit
554 1731 659 1807 emitti,
685 1738 715 1790 et
741 1739 865 1812 quatuor
892 1732 1028 1794 'omniuo
1061 1731 1210 1794 admoveri

191 1845 290 1904 oanes;
312 1825 364 1906 qui
386 1825 518 1886 mesor
539 1833 751 1904 ooeupaverunt
772 1827 883 1887 feram:
905 1829 997 1888 ¹⁰tum
1022 1847 1060 1888 ex
1084 1827 1132 1904 iis,
1155 1830 1211 1907 qui

190 1929 376 1984 assueverant
398 1921 506 1982 talibus
527 1921 706 1998 ministeriis,
733 1941 816 1998 unus,
842 1922 922 1984 oanis
948 1923 1024 1984 leoni
1050 1943 1114 1984 oum
1140 1924 1210 1986 aliis

190 2018 359 2081 inhaerentis
378 2035 444 2079 erus
459 2017 591 2092 avellem,
605 2024 635 2078 et
654 2017 724 2098 quis
742 2038 801 2080 non
819 2019 1008 2098 'sequebatur,
1021 2019 1097 2080 ferro
1110 2039 1209 2098 empu-

190 2122 254 2178 tare
266 2115 370 2194 eoepit:
390 2133 427 2174 ne
450 2113 492 2174 sie
512 2113 629 2194 quidem
649 2114 809 2194 pertinetis
822 2114 909 2190 viott,
922 2133 1024 2176 rursus
1043 2115 1130 2176 aliam
1143 2135 1209 2194 par-

190 2220 252 2272 tem
278 2231 374 2274 seoare
399 2211 525 2272 institit:
555 2217 586 2270 et
607 2209 676 2270 inde
698 2229 757 2272 non
780 2210 899 2290 segnirts
919 2209 1106 2272 inbaerentem
1126 2211 1208 2272 ferro

190 2308 310 2369 subinde
326 2307 476 2378 ,oeedebat
528 2306 587 2367 Ille
609 2306 641 2365 in
662 2305 780 2368 vulnere
803 2307 872 2366 ferae
893 2305 993 2366 denus
1019 2306 1209 2368 moribundus

188 2421 301 2481 quoque
324 2401 472 2462 infixerat:
505 2407 618 2460 tantam
640 2402 672 2461 in
694 2401 755 2462 illis
777 2401 951 2462 animalibus
977 2400 1015 2460 ad
1040 2401 1207 2464 venandum

188 2494 378 2572 eupiditatem
410 2494 594 2574 ingenertsse
626 2502 761 2556 naturam
792 2496 938 2558 memoriae
971 2497 1120 2576 preditum
1152 2504 1206 2560 ost.

189 2587 333 2670 Equidem
353 2589 438 2668 plura
457 2588 628 2664 transcribo,
649 2591 737 2668 qutm
757 2591 850 2652 oredo.
893 2590 973 2652 Nam
992 2611 1046 2652 neo
1065 2592 1207 2654 affirmare

188 2685 326 2762 sustineo,
339 2684 376 2746 de
398 2683 503 2765 quibus
524 2682 643 2762 dubit03
664 2703 717 2744 nee
736 2685 897 2746 subdueere
915 2706 980 2765 quse
1002 2687 1106 2766 aeoepi.
1147 2687 1205 2748 Re-

188 2783 258 2860 lioto
281 2782 401 2863 ¹²igitur
422 2779 542 2859 Sopithe
563 2779 596 2840 in
616 2799 668 2842 suo
680 2799 779 2860 regno,
792 2781 830 2840 sd
848 2781 967 2842 fluvium
986 2781 1122 2861 Hypasin
1140 2801 1204 2860 pro·

187 2880 290 2956 eessit;
323 2877 539 2957 Hephaestione,
559 2875 611 2956 qui
631 2876 774 2938 diversam
795 2877 940 2956 regionem
959 2878 1121 2957 subegerat,
1140 2897 1207 2938 oon·

192 2974 301 3050 junoto.
343 2974 487 3054 Phegeius
500 2979 563 3034 erat
581 2973 677 3054 gentis
689 2973 829 3052 proximae
841 2973 924 3051 Rex;
945 2973 995 3052 qui
1015 2973 1207 3052 popularibus

186 3067 248 3128 suis
268 3067 363 3130 oolere
376 3087 460 3148 agros
474 3068 519 3146 (ut
540 3071 716 3150 amoverant)
734 3067 1015 3147 jussissemus
1035 3088 1102 3130 oum
1121 3069 1207 3132 donis

187 3161 322 3238 ooourrit,
336 3161 412 3222 nihil
425 3163 502 3242 quod
514 3163 670 3242 imperaret
682 3164 853 3226 detrectans

246 3256 290 3319 IL
313 3262 339 3319 5.
354 3257 483 3318 Biduum
504 3259 580 3337 apud
593 3279 660 3320 eum
679 3260 811 3323 substitit
823 3259 905 3320 Rex:
925 3259 1012 3320 tertio
1032 3259 1080 3320 die
1093 3279 1205 3322 mnam

186 3373 321 3434 superare
348 3352 523 3428 deereverst,
556 3355 685 3416 transiw
711 3343 866 3430 diffieilem,
893 3374 953 3416 non
985 3355 1080 3434 spatio
1107 3354 1211 3416 soldrn

186 3469 334 3532 aquarum,
358 3448 410 3510 sed
437 3447 527 3508 etiam
554 3448 633 3508 sexis
660 3449 838 3528 impeditum.
890 3449 1085 3512 Percontatus
1111 3449 1207 3528 igitur
1312 3451 1313 3522 ἕ

185 3547 350 3628 Phegelsm,
363 3563 428 3625 quse
447 3542 588 3604 nososnda
609 3549 700 3620 erant,
714 3543 849 3604 undooim
869 3543 983 3607 dierum
1006 3545 1207 3606 ultrtdumen
1312 3559 1313 3590 t

184 3661 236 3720 per
248 3648 345 3704 vastas
358 3638 525 3701 solitudines
539 3639 594 3699 iter
607 3656 670 3697 esse
684 3637 848 3717 eognosoit:
862 3639 995 3718 exeipere
1009 3639 1114 3700 deindt
1128 3637 1207 3704 om·

183 3753 257 3813 gem,
283 3736 442 3796 maximum
462 3735 555 3796 totius
582 3733 679 3797 Indiae
696 3734 853 3796 fluminum.
908 3735 1085 3799 Ulteriorem
1110 3735 1206 3814 ripam
1312 3699 1313 3756 ¹

184 3826 279 3888 solere
301 3837 405 3908 gentes
432 3829 615 3911 Gangaridas
644 3835 676 3890 et
702 3828 884 3905 Pharresios,
910 3847 1067 3920 eorumque
1090 3831 1209 3910 Regem
