2622 4382
159 355 220 414 252
508 367 649 420 curcur
674 367 815 410 cunnus

154 527 207 570 sec
220 527 305 568 susos
318 527 488 589 repugnare,
502 508 644 570 tredecim
656 507 846 570 smcrvsndos
857 507 1029 570 custodibus
1041 508 1176 588 corperis

156 605 286 758 miii&
300 702 328 758 9.
351 698 427 770 Quis
440 699 573 760 crederet
587 717 694 760 saevsm
707 697 794 776 pcnld
809 699 877 758 untd
892 699 1060 760 concionem
1076 699 1173 762 obtor-

155 794 253 874 puisse
277 793 374 856 subito
397 795 501 854 metui
523 802 562 869 et,
586 795 676 853 ¹cdm
696 794 734 852 ud
759 793 934 872 supplicium
947 793 1063 854 videret
1084 795 1176 871 trahi,

153 889 228 949 nihil
241 909 327 950 cusos
340 891 475 970 graviore
488 891 579 968 quim
592 897 713 950 caeteros
724 909 731 966 ς

741 982 823 1048 [²trm
831 984 936 1034 effusum
944 983 1174 1045 untes-licentium,

152 1069 231 1130 utque
248 1063 392 1114 seditiosum
409 1064 522 1114 militum
544 1063 695 1114 violentiam
712 1064 750 1114 its.
770 1081 945 1132 compressam,
968 1070 998 1114 ut
1020 1082 1073 1114 non
1095 1066 1175 1116 modd

152 1145 237 1196 nullus
250 1161 282 1195 ex
293 1145 410 1195 omnibus
422 1144 531 1196 irruenti
543 1144 607 1211 Regi
625 1145 765 1208 restiterit;
784 1147 873 1195 verrim
885 1145 963 1195 etiem
975 1145 1062 1196 cuncti
1073 1163 1173 1214 pavore

153 1225 291 1278 exanimati
303 1225 420 1276 attonitis
432 1225 532 1287 similes,
546 1225 609 1293 quid
627 1225 659 1277 de
677 1225 738 1292 ipsis
750 1229 852 1294 qnoque
872 1229 928 1278 Rex
939 1227 1104 1278 statuendum
1116 1245 1174 1280 cen-

152 1313 227 1370 seret,
237 1310 358 1374 suspense
369 1313 454 1358 mente
466 1309 646 1374 expectarentl
679 1307 810 1375 ³Iteqne],

841 1390 903 1451 sive
930 1391 1064 1466 numinis,
1091 1393 1174 1472 quod

152 1493 254 1566 gentes
268 1483 334 1566 quse
348 1485 402 1546 sub
417 1485 550 1564 Regibus
573 1492 642 1544 sunt
664 1486 740 1544 inter
754 1485 833 1544 Deos
846 1486 955 1562 colunt,
971 1486 1032 1548 sive
1053 1489 1175 1566 propris

153 1581 246 1660 ipsius
269 1581 427 1656 veneratio,
451 1581 512 1640 sive
535 1581 641 1640 fiducie
664 1584 748 1639 tante
769 1582 801 1641 vi
823 1582 986 1640 exercentis
1008 1583 1173 1661 imperium,

153 1677 315 1736 conterruit
328 1695 387 1752 eos,
403 1675 549 1754 singulare
562 1678 640 1734 certd
656 1676 811 1734 ediderunt
824 1677 973 1754 patientins
988 1678 1171 1756 exemplnm;

152 1771 281 1851 adeoque
302 1790 360 1830 non
383 1777 451 1830 sunt
475 1771 586 1828 necersi
610 1769 751 1848 supplicio
770 1771 1004 1847 commilitonum,
1029 1773 1098 1832 etim
1118 1773 1174 1834 sub

151 1875 263 1929 noctem
284 1866 450 1924 interfectos
471 1883 532 1924 esse
554 1867 682 1940 nbssent,
696 1872 730 1924 ut
752 1866 826 1924 nihil
846 1867 1004 1943 omiserint,
1017 1867 1094 1946 qnod
1114 1870 1174 1929 sin·

151 1963 214 2042 guli
226 1961 317 2042 magis
331 1959 499 2021 obedienter
513 1980 545 2019 sc
564 1961 611 2038 pie
626 1961 763 2020 fecerent.
806 1961 884 2020 Nam
904 1965 973 2022 culm
994 1971 1109 2041 postero
1124 1965 1172 2025 die

151 2057 291 2136 prohibiti
315 2056 398 2115 aditu
417 2057 571 2132 venissent,
585 2055 726 2127 Asiaticis
750 2057 837 2116 medd
860 2057 1004 2118 militibus
1028 2059 1170 2138 admissis,

152 2151 304 2233 lugubrem
317 2152 389 2211 totis
403 2151 507 2211 cestris
525 2151 642 2210 edidere
667 2151 828 2227 clamorem,
843 2152 1048 2212 denunciantes
1061 2173 1093 2212 se
1106 2175 1171 2232 pro·

151 2249 235 2310 tinus
259 2268 321 2308 esse
345 2249 511 2324 morituros,
536 2248 562 2308 si
585 2248 652 2307 Rex
679 2254 875 2326 perseveraret
901 2247 995 2308 irasci.
1047 2249 1092 2308 At
1119 2251 1171 2310 ille

151 2343 326 2422 ‘pervicacis
340 2344 378 2402 ed
399 2344 502 2419 omnic,
516 2363 581 2422 quoe
594 2343 741 2422 sgitdsset,
755 2343 854 2418 enimi,
867 2343 1082 2422 peregrinorum
1095 2346 1171 2404 mili-

150 2445 214 2497 tum
229 2437 394 2496 concionem
409 2438 541 2498 advocari
560 2437 653 2514 jubet,
669 2437 876 2498 Macedonibus
895 2439 973 2497 intro.
986 2447 1081 2498 cestre
1094 2441 1170 2500 cohi-

150 2533 239 2609 bitis;
261 2538 291 2589 et
312 2532 379 2588 edm
400 2532 566 2610 frequentes
590 2535 726 2608 coissent,
749 2531 880 2596 adhibito
900 2535 1066 2612 interprete,
1080 2537 1171 2598 telem

150 2627 309 2689 cretionem
321 2625 440 2685 hebuit:

215 2725 258 2784 10.
280 2725 296 2756 “
310 2719 383 2784 cnm
396 2740 432 2780 ex
445 2719 564 2800 Europe
578 2721 739 2798 trajicerem
760 2723 791 2782 in
812 2724 924 2800 Asiam,
938 2725 1044 2785 multcs
1057 2726 1170 2788 nobiles

150 2828 259 2902 gentes,
272 2837 406 2900 magnum
419 2817 478 2879 vim
489 2815 636 2876 hominum
649 2816 769 2895 imperio
782 2839 846 2878 meo
865 2839 911 2879 me
924 2815 1093 2880 additurum
1107 2841 1169 2882 esse

151 2917 309 2996 sperabam.
361 2913 390 2974 N
393 2934 425 2975 ec
446 2913 581 2993 deceptus
605 2932 680 2990 sum,
700 2913 793 2994 'qnod
820 2914 923 2974 dehis
945 2915 1055 2974 credidi
1074 2916 1167 2977 lemae.

151 3011 209 3072 Sed
233 3011 270 3070 ad
291 3011 342 3069 illc
362 3009 416 3069 hoc
430 3012 542 3090 qudque
565 3010 693 3086 accessit,
706 3010 784 3090 qued
797 3011 882 3071 video
895 3011 985 3070 fortes
998 3011 1077 3071 viros
1099 3031 1170 3092 erge

150 3105 246 3184 Reges
261 3123 328 3163 suos
341 3105 458 3182 pietatis
480 3105 604 3166 invictm
655 3106 741 3166 Luxu
754 3105 869 3164 ‘omnic
882 3105 968 3164 fluere
982 3105 1168 3183 credideram,

152 3209 182 3259 et
204 3198 296 3256 nimici
318 3199 459 3257 felicitate
482 3199 575 3278 mergi
596 3200 628 3258 in
649 3201 817 3278 voluptates.
867 3201 911 3259 At
932 3200 1049 3260 hercule
1069 3202 1168 3261 munis
1199 3206 1215 3232 ⁶

151 3294 265 3355 militine
279 3293 333 3352 hoc
355 3292 515 3376 animorum
537 3313 744 3376 corporumque
765 3297 867 3383 robore
881 3295 1001 3376 impigri
1015 3297 1166 3376 toleretis;

115 3433 118 3440 ι
151 3399 181 3450 et
202 3395 267 3450 clm
288 3390 378 3449 fortes
392 3387 449 3448 viri
472 3387 547 3464 sitis,
569 3409 628 3448 non
647 3391 848 3450 fortitudinem
866 3392 961 3472 magis
973 3395 1061 3471 quum
1080 3393 1167 3453 fidem

151 3487 255 3548 colitis.
310 3485 395 3545 'Hoc
421 3501 474 3562 ego
500 3501 575 3541 nunc
602 3485 724 3562 primum
750 3485 893 3564 profiteor,
921 3487 973 3547 sed
1000 3487 1070 3548 blim
1097 3489 1165 3550 scio.

152 3581 255 3662 Itaque
279 3590 309 3641 et
333 3581 475 3641 delectum
495 3578 606 3640 evobis
624 3581 773 3657 juniorum
794 3580 890 3658 hebui,
913 3589 945 3641 ct
966 3601 1017 3644 vos
1038 3603 1167 3643 meorum

150 3677 277 3736 militnm
300 3675 412 3754 corpori
435 3674 584 3734 immiscui.
626 3674 709 3734 Idem
730 3675 857 3753 habitus,
878 3677 979 3737 eadem
1000 3699 1079 3738 arms
1099 3685 1167 3742 sunt

150 3771 240 3830 vobis.
285 3771 462 3850 Obsequium
475 3773 543 3830 verb
564 3776 595 3828 et
616 3771 757 3848 patientie
780 3772 895 3850 imperii
918 3775 1004 3852 longe
1027 3783 1167 3852 praestcn·

149 3863 208 3930 tior
235 3869 280 3924 est
305 3866 393 3944 quim
425 3866 544 3927 coeteris.
600 3865 680 3948 Ergo
707 3865 769 3944 ipse
803 3865 925 3929 Oxctris
951 3867 1051 3928 Perseo
1075 3869 1165 3932 filium
