2642 4386
187 297 248 362 2⁰⁰
537 315 683 365 urruns
709 313 852 358 uuurrr

185 455 281 517 oulum
312 453 428 534 peliioes
454 453 594 532 referunt,
620 455 716 535 patrio
740 455 866 516 earmina
886 453 1015 516 nentium
1033 453 1202 518 mvoomtoe

184 549 269 612 Deos

244 647 291 705 31.
315 643 389 717 Quis
415 643 515 705 eredat
541 644 619 706 inter
644 643 705 706 hmo
726 644 801 706 vitia
824 664 922 704 euram
946 663 1009 705 esse
1029 643 1201 722 sapientiae?

184 737 283 802 Unum
296 745 410 819 agreste
434 747 464 800 et
486 739 637 800 horridum
659 757 750 821 genus
762 746 817 816 est,
830 757 902 818 quos
921 738 1072 816 Sapientes
1084 747 1199 800 vocant

182 833 273 913 Apud
296 835 349 896 hos
362 836 530 913 ¹¹oeoupare
553 835 609 894 fati
632 835 718 911 diem,
741 835 907 913 pulehrum3
930 842 961 892 et
982 834 1064 895 vivos
1088 853 1119 894 se
1141 855 1202 895 ore·

182 929 257 989 mari
273 929 385 1008 jubent,
406 929 512 1010 quibus
536 937 587 988 aut
600 931 622 958 ¹¹
633 930 727 1009 segnis
750 937 832 1004 aetas,
853 936 903 987 aut
924 929 1103 988 incommoda
1123 929 1202 991 vale·

181 1025 253 1084 tudo
276 1032 340 1086 est:
371 1025 582 1103 ’'expeetatam
605 1032 728 1084 mortem
749 1043 803 1102 pro
825 1023 963 1084 dedecore
985 1025 1056 1085 ritae
1082 1025 1198 1088 habent

183 1117 246 1179 Neo
272 1117 351 1180 ullus
374 1119 549 1198 corporibus,
570 1139 636 1200 quae
662 1127 794 1179 seueetus
821 1118 917 1194 solvit,
944 1119 1034 1178 honos
1059 1115 1199 1182 redditur.

181 1213 333 1294 inquinari
354 1212 460 1294 putant
473 1213 576 1294 ignem,
588 1213 646 1274 nisi
665 1213 716 1294 qui
738 1213 882 1292 spirantes
895 1211 1004 1291 reeipit
1045 1213 1126 1273 ”Illi
1146 1215 1200 1294 qui

181 1307 214 1368 in
238 1309 360 1371 urbibus
392 1309 516 1388 publieis
542 1309 671 1371 moribus
704 1308 821 1388 degunt,
849 1307 977 1367 siderum
1001 1313 1097 1368 motus
1123 1309 1199 1369 mira

182 1410 311 1484 speetare
325 1404 469 1481 dieantur,
482 1410 512 1464 et
532 1405 632 1464 futura
644 1403 805 1482 praedicere
846 1401 939 1461 ”Neo
958 1421 1128 1482 quemquam
1147 1404 1200 1462 ad·

181 1517 295 1560 movere
317 1499 391 1559 lethi
414 1499 491 1558 diem
514 1501 644 1575 eredunt,
671 1499 719 1558 oui
746 1503 912 1575 exspeetare
938 1497 1072 1556 interrito
1100 1497 1198 1561 liceat

182 1591 260 1654 Deos
272 1599 383 1672 putant,
396 1593 535 1674 quidquid
548 1594 639 1654 oolere
662 1601 827 1672 eoeperunt:
850 1592 965 1654 arbores
977 1591 1111 1668 maxime,
1124 1613 1199 1672 quas

182 1685 292 1748 violare
315 1688 423 1766 eapital
447 1695 499 1748 est.
553 1687 669 1748 Menses
690 1689 720 1746 in
744 1687 845 1766 quinos
869 1687 959 1746 denos
982 1686 1200 1765 descripserunt

183 1781 251 1840 dies.
301 1781 321 1810 ¹⁶
331 1781 411 1842 Anni
425 1782 511 1860 plena
523 1782 619 1860 spatia
632 1789 754 1842 servant
806 1781 898 1842 Lunae
910 1799 997 1842 eursu
1009 1789 1113 1841 notant
1124 1789 1199 1842 tem·

181 1895 260 1956 pora,
284 1896 341 1936 non
364 1883 399 1936 ut
421 1875 560 1956 plerique,
583 1879 651 1936 edm
674 1876 771 1938 orbem
794 1875 875 1936 sidus
896 1876 1036 1955 implerit,
1059 1877 1110 1936 sed
1130 1881 1208 1938 etim

182 1986 213 2031 se
226 1989 342 2032 curvare
353 1971 440 2050 eoepit
452 1971 484 2030 in
494 1991 615 2049 eoruua;
638 1977 668 2031 et
677 1971 787 2032 ideireo
797 1971 944 2033 breviores
956 1971 1063 2032 habent
1072 1991 1198 2050 menses,

181 2067 232 2146 qui
246 2067 370 2146 spatium
383 2087 481 2127 eorum
495 2067 532 2126 ad
545 2067 622 2126 hune
636 2067 728 2128 Lunae
740 2067 857 2126 modum
870 2066 1008 2147 dirigunt.
1051 2067 1148 2127 Multa
1164 2075 1199 2128 et

182 2161 241 2222 ulia
252 2163 416 2240 traduntur,
427 2161 533 2243 quibus
541 2163 646 2222 morari
659 2161 787 2222 ordinem
799 2181 894 2222 rerum
903 2161 980 2220 hand
993 2165 1063 2222 sane
1076 2163 1200 2242 ”operte

181 2257 308 2337 pretium
321 2259 481 2319 ridebatur.

241 2353 280 2414 X
304 2357 350 2414 32.
372 2353 486 2434 ¹Igitur
509 2353 678 2413 Alexandro
700 2354 771 2414 fines
794 2351 890 2414 Indiae
916 2352 1045 2432 ingresso
1065 2352 1197 2433 gentium

142 2484 145 2488 -
181 2463 298 2505 suamm
321 2447 428 2526 Reguli
451 2455 644 2522 occurrerunt,
665 2448 808 2525 imperata
827 2447 952 2508 facturi:
972 2447 1054 2506 illum
1073 2448 1198 2508 tertium

181 2539 206 2600 J
205 2559 258 2600 ove
270 2539 402 2620 genitum
415 2540 453 2597 ad
476 2540 555 2617 ipsos
568 2541 733 2618 pervenisse
746 2549 954 2602 memorantes:
975 2543 1096 2602 Patrem
1109 2542 1197 2602 Libe-

180 2653 255 2710 rum,
270 2641 358 2715 atque
372 2633 529 2694 Hereulem
543 2635 622 2693 fama
635 2637 764 2716 cognitos
777 2655 857 2697 esse:
878 2637 971 2715 ipsum
984 2655 1080 2696 eoram
1093 2637 1195 2696 adesse

181 2731 322 2811 eernique.
363 2729 428 2790 Rex
451 2729 575 2810 benigne
597 2738 733 2808 exceptos
756 2733 835 2810 sequi
856 2733 953 2810 presit,
967 2731 1089 2792 ¹iisdem
1108 2732 1196 2791 itine-

180 2845 245 2886 rum
259 2825 378 2888 dueibus
391 2844 503 2887 usurus.
546 2825 692 2887 Gaeterdm
706 2827 773 2886 otim
787 2828 914 2906 amplius
927 2845 1009 2887 nemo
1022 2833 1194 2904 occurreret,

181 2920 418 2998 Hephaestionem
440 2931 470 2981 et
491 2922 659 2982 Perdioeam
684 2941 749 2981 oum
774 2923 920 3002 copiarum
941 2929 1024 3002 parte
1043 2922 1194 3000 praemisit,

180 3014 219 3073 ad
232 3015 412 3095 subigendos,
422 3018 471 3096 qui
485 3024 685 3079 aversarentur
695 3017 862 3096 imperium:
880 3018 1024 3098 jussitque
1037 3018 1075 3076 ad
1086 3018 1194 3076 flumen

180 3107 287 3168 Indum
307 3111 468 3188 proaedere,
490 3120 520 3172 et
539 3114 655 3194 navigia
675 3113 778 3190 faeere,
802 3114 884 3193 queis
905 3113 938 3172 iu
957 3114 1096 3173 ulteriora
1115 3120 1193 3172 tran·

181 3205 304 3284 sportari
327 3214 424 3284 posset
441 3209 592 3270 exereitus.
634 3208 778 3288 111i‚quia
797 3211 881 3289 plura
901 3209 1021 3268 flumina
1034 3208 1194 3286 superanda

180 3309 270 3378 eraut,
298 3301 340 3362 sie
364 3303 488 3379 junxere
513 3321 609 3380 naves,
633 3311 668 3364 ut
690 3305 793 3366 solutas
813 3305 950 3382 plaustris
972 3303 1039 3364 vehi
1065 3311 1192 3382 possent,

180 3399 336 3478 rursusque
362 3397 503 3477 conjungi
554 3398 628 3458 Post
653 3417 684 3459 se
708 3399 827 3461 Cratero
854 3419 920 3458 eum
945 3398 1087 3478 phalange
1109 3399 1192 3475 jusso

180 3494 270 3576 sequi,
298 3493 459 3574 equitatum
493 3511 527 3551 ao
553 3492 645 3553 levem
673 3501 848 3552 armaturam
875 3493 987 3569 eduxit,
1011 3511 1115 3572 eosque
1140 3491 1193 3572 qui

180 3596 372 3665 occurrerant,
386 3588 445 3650 levi
465 3587 565 3667 praelio
579 3587 610 3646 in
623 3588 722 3649 urbem
744 3589 904 3667 proximam
916 3589 1060 3668 compulit.
1102 3589 1193 3648 'dam

181 3691 385 3760 supervenerat
399 3683 544 3745 Craterus
571 3681 676 3763 Itaque
688 3690 722 3742 ut
734 3683 873 3762 principio
887 3691 1027 3744 terrorem
1040 3683 1191 3758 inouterst,

179 3778 268 3854 genti,
296 3779 423 3838 nondum
449 3799 529 3839 arma
556 3777 746 3839 Macedonum
765 3785 898 3858 expertae‚
924 3778 1058 3858 praeeipit
1084 3797 1121 3838 ue
1145 3777 1193 3838 uui
