2600 4394
188 361 230 420 28
538 375 679 426 ou1nr1
706 373 847 414 curru

189 506 1220 590 necadmittereauderent,nullcrcsponsodato,tacitaeopperiebantur,
1247 535 1250 554 ·

190 608 307 668 victoris
329 608 486 668 arbitrium
529 607 684 683 Leonatua,
708 613 857 683 expectato
877 605 929 664 diu
941 605 990 682 qui
1010 623 1041 662 se
1057 601 1207 660 intromit-

189 708 273 776 teret,
295 709 448 782 postquam
468 723 551 762 nemo
572 703 688 780 prodire
711 702 843 776 audebat,
871 699 980 760 relictis
1006 699 1036 756 in
1059 697 1207 757 vestibulo

190 797 373 872 satellitibus,
394 798 484 856 intrat
507 798 539 856 in
561 797 782 858 tabernaculum.
825 795 871 855 Ea
891 795 955 872 ipsa
974 813 1021 852 res
1035 794 1207 853 turbaverat
1291 873 1292 876 Ἴ

190 891 320 952 temnas
351 892 429 970 quod
451 892 617 970 ⁶irrnpisse,
638 911 695 950 non
722 891 870 965 admissus,
896 889 1057 948 videbatur.
1100 887 1206 965 Itaque

191 993 285 1046 mater
299 993 329 1044 ct
341 989 446 1064 conjux
459 986 636 1065 'provolutae
650 986 688 1045 ad
700 986 788 1064 pedes
802 1004 882 1044 orare
895 991 1048 1062 coeperunt,
1061 991 1106 1058 ut,
1118 984 1206 1060 priris

190 1083 278 1160 quam
298 1082 531 1157 interficerentur,
553 1081 639 1140 Darii
659 1099 763 1159 corpus
784 1080 856 1158 ipsis
876 1079 970 1158 patrio
990 1097 1070 1138 more
1083 1077 1207 1156 sepelire

192 1178 392 1255 permitteret:
426 1179 541 1237 functas
567 1197 698 1256 supremo
722 1177 753 1236 in
779 1177 890 1255 Regem
916 1174 1004 1234 officio
1028 1193 1058 1234 se
1079 1173 1206 1254 impigre

191 1273 353 1334 morituras.
401 1273 576 1350 'Leonatua
600 1279 629 1332 et
654 1273 751 1333 vivere
778 1271 909 1346 Darium,
933 1276 963 1329 et
988 1269 1066 1347 ipsas
1085 1269 1206 1334 nonin·

192 1368 315 1428 columes
338 1369 434 1445 modb,
448 1369 500 1430 aad
523 1369 613 1428 etiam
626 1375 767 1448 apparatu
785 1367 918 1446 pristinae
936 1367 1062 1426 fortunae
1074 1363 1207 1445 Reginus

192 1463 261 1525 fore.
303 1465 378 1524 Turn
391 1465 507 1524 demum
519 1473 612 1524 mater
625 1465 710 1524 Darii
721 1463 839 1524 allevari
853 1483 882 1524 se
895 1481 980 1540 passa
993 1468 1047 1521 est'

253 1564 300 1618 31.
323 1561 494 1634 Alexander
507 1569 624 1637 postero
639 1561 695 1634 dic,
710 1561 778 1618 cum
792 1579 891 1616 curam
911 1557 1083 1636 sepeliendis
1103 1555 1205 1615 militi·

193 1655 248 1714 bus
261 1653 450 1729 impenderet,
464 1673 586 1730 quorum
607 1673 727 1730 corpora
747 1653 903 1726 invenerat,
919 1653 1076 1712 Persarum
1089 1671 1206 1732 quoque

193 1745 381 1804 nobilissimis
403 1747 526 1804 eundem
550 1746 688 1804 honorem
712 1746 814 1806 baberi
835 1747 928 1822 jubet,
953 1748 1095 1828 matrique
1119 1747 1208 1806 Darii

193 1841 344 1918 permittit,
355 1859 427 1918 quos
438 1840 537 1914 vellet,
548 1841 643 1918 patrio
657 1861 737 1900 merc
751 1841 894 1920 sepeliret.
937 1843 997 1902 Illa
1006 1862 1111 1921 paucos
1122 1839 1208 1902 ar'eta
1291 1899 1292 1920 ,

194 1935 409 2013 propinquitate
423 1938 592 2012 conjunctos
605 1956 658 2014 pro
672 1937 775 1998 habitu
788 1939 939 2016 praesentis
953 1939 1077 1998 fortunae
1091 1939 1208 1998 humari
1291 1923 1292 1926 ¹

191 2031 289 2107 jussit,
305 2039 474 2108 apparatum
487 2031 630 2109 funerum,
643 2051 700 2111 quo
715 2033 815 2094 Persae
829 2053 963 2112 suprema
977 2035 1069 2094 officia
1082 2035 1207 2095 celebra·

195 2132 268 2202 rant,
282 2125 455 2185 invidiosum
475 2127 537 2186 fore
559 2127 737 2204 existimans,
753 2131 821 2188 cdm
833 2131 957 2190 victores
979 2131 1057 2188 haud
1078 2131 1207 2208 pretiose

195 2229 400 2282 cremarentur.
444 2223 569 2304 Jamque
584 2225 593 2254 ⁸
599 2225 689 2302 justis
700 2225 902 2285 defunctorum
912 2227 1079 2304 corporibus
1090 2225 1208 2301 solutis,

195 2319 348 2396 praemittit
370 2319 407 2377 ad
428 2320 563 2398 captives,
577 2321 628 2399 qui
648 2322 817 2380 nunciarent
837 2322 932 2400 ipsum
946 2323 1055 2396 venire,
1066 2321 1209 2380 inhibita·

195 2434 251 2492 que
266 2414 464 2473 comitantium
478 2415 575 2487 turbt,
591 2419 612 2446 ¹⁰
621 2416 838 2475 tabernaculum
856 2436 922 2474 cnm
944 2416 1150 2492 Hephaestione
1160 2417 1207 2475 ‘in-

196 2515 263 2566 trat.
305 2508 338 2567 Is
352 2509 437 2588 longe
452 2510 580 2568 omnium
594 2511 749 2570 amicornm
764 2509 929 2567 carissimus
944 2517 1007 2566 erat
1022 2511 1116 2588 Regi:
1140 2531 1209 2572 cunr

196 2604 258 2681 ipso
272 2605 381 2682 pariter
395 2605 543 2680 educatus,
556 2612 732 2663 secretorum
746 2604 873 2662 omnium
887 2604 908 2632 ¹¹
917 2601 1041 2681 arbiter;
1062 2603 1210 2668 libertatis

196 2719 308 2780 quoque
322 2701 353 2759 in
366 2701 542 2760 admonendo
557 2719 591 2758 eo
606 2700 626 2730 ¹³
635 2719 693 2758 non
706 2701 781 2758 alius
792 2701 842 2776 jus
855 2698 996 2775 habebat,
1018 2701 1095 2780 quod
1109 2709 1211 2764 tamen

197 2796 240 2854 ita
249 2797 416 2874 usurpabat,
431 2795 495 2854 1'ut
507 2796 600 2876 magis
615 2815 632 2853 a
646 2793 729 2873 Rege
739 2795 920 2874 permissum,
931 2795 1019 2874 quim
1029 2797 1211 2860 vindicatum

197 2892 233 2950 ab
247 2911 281 2950 eo
295 2893 459 2968 videretur3
481 2898 511 2950 ot
531 2891 607 2950 sicut
628 2897 715 2949 aetate
738 2911 792 2968 par
805 2899 867 2949 erat
889 2890 977 2970 Regi,
991 2891 1034 2950 ita
1048 2893 1069 2920 '⁴
1079 2895 1211 2970 corporis

196 2986 299 3044 babitu
309 2987 474 3063 praestabat.
505 2986 586 3064 Ergo
598 2984 720 3064 Reginae
731 2985 815 3044 illum
827 2985 939 3065 Regem
949 3005 1011 3045 esse
1025 2993 1105 3062 ratae,
1123 2989 1144 3016 ¹⁶
1153 3007 1210 3049 suo

197 3101 275 3140 more
289 3090 434 3140 veneratae
449 3089 523 3140 sunt.
566 3081 640 3140 Inde
654 3101 691 3140 ex
704 3081 878 3160 spadonibus
892 3083 1023 3161 captivis,
1034 3083 1101 3161 quis
1115 3082 1209 3143 Alex-

196 3175 286 3234 ander
299 3184 384 3250 esset,
400 3178 421 3206 ¹⁵
429 3179 666 3253 monstrantibus,
679 3177 857 3258 Sisygambis
872 3178 1012 3238 advoluta
1025 3185 1070 3237 est
1082 3179 1210 3257 pedibus

197 3275 269 3350 ejus,
280 3271 487 3349 ignorationem
500 3291 646 3352 nunqnam
660 3277 745 3333 antea
755 3275 810 3334 viai
824 3274 915 3352 Regis
929 3293 1076 3333 excusans.
1112 3272 1210 3344 Quam

196 3387 283 3428 manu
305 3367 433 3427 allevans
455 3368 538 3428 Rex:
561 3369 657 3428 “Non
679 3370 813 3445 errasti,''
827 3369 930 3450 inquit,
953 3373 1087 3446 “mater;
1110 3371 1209 3429 ¹'narn

197 3472 228 3524 et
241 3464 288 3523 hic
302 3462 475 3522 Alexander
489 3466 561 3522 ert.”

257 3565 303 3620 32.
326 3559 347 3588 ¹⁸
359 3558 513 3638 Equidem,
529 3559 554 3618 si
567 3559 621 3617 hac
635 3559 813 3618 continentia
834 3559 922 3618 animi
936 3559 974 3618 ad
987 3557 1123 3618 ultimum
1133 3549 1209 3620 ¹vitae
1291 3583 1292 3586 ¹

196 3674 380 3733 perseverare
399 3655 552 3733 potuisset,
566 3653 724 3712 feliciorem
745 3654 836 3713 fnisse
858 3655 1011 3729 crederem,
1026 3655 1113 3733 qudm
1126 3653 1208 3713 risus
1291 3669 1292 3692 ἒ

197 3757 242 3808 est
256 3769 327 3827 case,
341 3752 409 3809 crim
424 3749 524 3812 Liberi
545 3748 638 3828 patris
660 3750 824 3808 imitaretur
838 3750 1024 3828 triumphum,
1040 3750 1076 3809 ab
1091 3747 1208 3807 Helles·

198 3851 285 3925 ponto
299 3865 390 3925 usque
404 3847 442 3905 ad
458 3845 606 3907 Oceanum
620 3863 718 3906 omnes
739 3852 840 3924 gentes
853 3845 977 3905 victoria
991 3863 1141 3926 emensus:
1164 3844 1208 3904 aio
