2642 4386
179 357 241 421 216
531 371 671 426 ourrrr
701 353 840 416 curru

180 531 259 576 mare
272 511 419 572 inviseret
463 511 561 574 Mults
573 511 694 574 materia
713 511 825 572 navalis
840 513 870 570 in
885 511 1026 590 proximis
1046 511 1195 572 montibus

180 615 251 684 erat,
264 627 352 687 quam
372 607 483 668 cadere
504 608 642 687 aggressi,
656 607 864 687 magnitudinis
888 607 1037 666 inusitatae
1060 609 1195 684 reperere

180 710 337 782 serpentes
380 703 595 764 Rhinocerotes
618 723 742 782 quoque,
755 721 855 762 rarum
878 702 949 761 alibi
963 701 1078 775 animal,
1094 701 1123 758 in
1148 701 1195 760 iis·

181 798 246 858 dem
259 797 407 860 montibus
421 806 512 858 erant.
557 797 707 858 (laeter-dm
718 797 772 856 boc
782 815 884 856 nomen
893 795 999 856 belluis
1014 796 1057 855 eis
1070 796 1196 854 inditum

181 891 344 969 aGrascis3
378 892 520 952 sermonis
544 895 607 970 ejus
629 892 724 970 ignari
746 891 829 950 alind
852 891 954 970 lingua
976 893 1029 950 sut
1042 897 1195 968 usurpant.

181 986 249 1046 Rex
263 985 376 1046 duabus
390 985 512 1046 urbibus
527 986 652 1046 conditis
667 985 697 1044 in
717 992 841 1064 utraque
855 985 990 1060 fluminis,
1005 984 1083 1064 quod
1097 1003 1196 1062 super·

180 1086 289 1156 averet,
304 1081 377 1157 ripe,
393 1081 540 1158 copiarum
562 1080 650 1140 duces
664 1081 777 1140 coronis
798 1087 829 1139 et
853 1079 934 1138 mille
948 1081 1044 1140 aureis
1066 1077 1199 1158 singulos

181 1175 278 1236 donat
333 1173 455 1236 (laeteris
477 1195 591 1254 quoque
613 1194 665 1252 pro
688 1175 821 1252 portione
845 1182 897 1234 aut
920 1175 1040 1252 gradem,
1055 1193 1142 1253 quern
1167 1175 1199 1232 in

180 1270 287 1328 militia
310 1270 491 1346 obtinebant,
514 1278 566 1330 aut
589 1271 722 1331 ’navatae
746 1289 851 1350 operae,
876 1271 967 1330 honos
994 1271 1113 1330 habitus
1141 1277 1197 1329 est.

182 1366 332 1440 Abisares,
346 1366 397 1446 qui
419 1368 503 1444 priris
526 1367 614 1446 quim
628 1386 693 1426 oum
713 1366 789 1426 Poro
813 1365 1009 1441 dimicaretur,
1024 1365 1138 1445 legatos
1159 1365 1199 1424 ad

181 1462 383 1522 Alexandrum
407 1463 536 1537 miserat,
561 1481 664 1522 rursus
688 1461 762 1520 alios
789 1461 879 1536 misit,
902 1461 1074 1539 pollicentes
1098 1461 1200 1521 omnia

180 1559 327 1619 facturum
355 1577 420 1637 qum
441 1558 620 1636 impetisset,
643 1557 728 1618 rnodd
751 1576 788 1616 ne
811 1565 963 1636 cogeretur
985 1575 1201 1634 corpussuum

180 1653 293 1712 dedere.
336 1653 439 1732 Neque
464 1653 540 1712 enim
565 1660 617 1712 nat
641 1653 703 1712 sine
725 1652 805 1731 regio
831 1652 953 1730 irnperio
975 1652 1130 1726 victurum,
1145 1657 1202 1711 aut

180 1756 368 1828 regnaturum
383 1768 445 1808 esse
468 1747 623 1826 captivum.
668 1745 724 1810 Oui
751 1747 922 1808 Alexander
942 1747 1076 1808 nunciati
1095 1749 1200 1825 jussit,

182 1845 208 1904 si
220 1851 392 1924 gravaretur
405 1843 442 1902 ad
457 1863 487 1902 se
501 1843 609 1916 venire,
625 1843 721 1920 ipsum
735 1843 849 1902 adeum
861 1861 924 1902 esse
938 1850 1101 1904 venturum.

241 1944 268 1999 2.
292 1938 372 1998 Hinc
394 1939 480 2018 porrd
504 1937 628 1997 Acesine
653 1945 797 2016 superato,
812 1937 850 1997 ad
871 1933 1010 1998 interiora
1024 1937 1120 2000 Indiae
1133 1957 1202 2017 pro·

181 2037 279 2098 cessit.
323 2035 422 2113 sylva
446 2043 532 2097 erant
555 2034 647 2113 prope
669 2035 701 2094 iu
723 2035 897 2094 immensum
921 2035 1050 2112 spatium
1072 2034 1201 2114 diffusae,

181 2132 365 2212 procerisque
388 2133 470 2190 etin
493 2131 631 2190 eximiam
656 2129 843 2190 altitudinem
868 2129 957 2188 editis
972 2129 1124 2190 arboribus
1137 2150 1202 2190 um·

181 2227 284 2290 brosae.
336 2226 495 2306 ³Plerique
517 2227 591 2286 rami
615 2227 707 2286 instar
729 2227 891 2306 ingentium
918 2227 1051 2304 stipitum
1074 2227 1143 2286 llexi
1167 2227 1203 2286 iu

183 2322 310 2396 humum,
333 2342 444 2396 nmsus,
469 2323 529 2402 qud
557 2341 588 2380 se
616 2328 817 2396 curvaverant,
842 2320 1036 2400 erigebantur,
1062 2321 1136 2380 adet
1164 2329 1203 2382 ut

183 2417 292 2494 speeies
307 2423 385 2474 esset
398 2436 456 2475 non
470 2417 544 2474 rami
566 2416 755 2494 resurgentis,
770 2415 823 2476 sed
845 2416 958 2477 arboris
980 2436 1019 2476 ex
1032 2420 1087 2476 sua
1100 2417 1203 2478 radice

182 2518 334 2588 generatae.
393 2508 468 2568 Oceli
495 2509 650 2586 temperies
678 2509 824 2570 salubris:
856 2511 964 2590 quippe
991 2519 1022 2571 et
1043 2513 1104 2572 vim
1128 2513 1202 2572 solis

147 2630 149 2636 ·
182 2603 293 2665 umbrae
313 2603 419 2678 levant,
434 2611 464 2662 et
487 2622 570 2683 equae
592 2603 683 2682 largae
702 2611 822 2664 manant
836 2625 852 2664 e
866 2607 1004 2666 fontibus.
1049 2607 1202 2668 (laeterdm

183 2701 232 2762 hic
245 2721 359 2782 quoque
374 2699 552 2779 serpentium
565 2719 670 2779 magna
683 2701 729 2759 vie
748 2708 819 2776 erat,
835 2703 963 2780 squamis
976 2702 1121 2784 fulgorem
1134 2705 1203 2763 auri

182 2798 381 2860 reddentibus.
425 2797 516 2858 Virus
539 2796 619 2856 haud
643 2796 737 2858 ullum
761 2797 854 2875 magis
874 2799 995 2858 noxium
1009 2805 1072 2858 est:
1091 2798 1201 2880 quippe
1307 2881 1308 2888 ἵ

183 2915 312 2954 morsum
325 2914 454 2973 praesens
467 2914 545 2954 mors
559 2892 744 2974 sequebatur,
761 2893 852 2954 doaso
866 2895 903 2954 ab
923 2894 1027 2954 incolis
1039 2894 1202 2954 remedium

184 2988 314 3048 oblatum
328 2995 381 3048 est
426 2989 507 3051 Hinc
530 3007 582 3068 per
605 2989 724 3050 deserte
737 2995 857 3050 ventum
880 2995 926 3048 est
947 2988 985 3048 ad
998 2989 1104 3048 flumen
1118 2989 1201 3066 Hya»

184 3082 279 3143 rotim.
324 3082 347 3142 J
348 3091 470 3142 unctum
485 3091 548 3144 erat
561 3084 675 3156 flumini
694 3103 805 3161 nemus,
819 3103 939 3163 opacum
963 3084 1115 3145 arboribus
1129 3084 1202 3146 alibi

185 3177 358 3252 inusitatis»
380 3180 597 3260 agrestiumque
637 3175 803 3258 pavonum
827 3179 1017 3240 multitudine
1053 3181 1199 3260 frequens.

187 3271 300 3334 Castris
328 3271 397 3330 inde
425 3273 521 3348 motis,
545 3275 684 3352 oppidum
707 3273 787 3334 baud
813 3274 915 3353 procul
940 3274 1069 3353 positum
1095 3275 1201 3334 corona

187 3368 273 3448 cepit,
295 3365 502 3446 obsidibusque
527 3369 663 3446 acceptis,
678 3368 856 3448 stipendium
877 3368 1009 3448 imponit.
1051 3369 1103 3428 Ad
1123 3389 1202 3450 mag·

187 3483 255 3524 nam
274 3461 380 3522 deinde
406 3461 452 3538 (ut
479 3461 511 3532 in
534 3465 570 3522 et
594 3463 723 3543 regione)
738 3463 841 3525 urbem
864 3463 1014 3541 pervenit3
1036 3483 1094 3524 non
1116 3483 1201 3524 muro

188 3560 292 3635 solum,
306 3558 358 3620 sed
379 3558 467 3618 etiam
484 3556 591 3636 palude
610 3557 761 3618 munitam
805 3557 956 3619 Gaetcrrlm
979 3559 1106 3622 Barbari
1125 3559 1201 3620 vebi-

189 3654 263 3717 eulis
290 3655 367 3714 inter
395 3673 425 3716 se
449 3653 561 3732 junctis
588 3653 754 3714 dimicaturi
781 3661 978 3716 occurrerunt.
1035 3655 1109 3716 uela
1135 3653 1202 3716 aliis

190 3747 290 3822 basta,
318 3750 385 3808 aliis
424 3769 541 3810 secures
576 3755 682 3817 erant:
716 3749 976 3830 transiliebantque
1010 3749 1042 3810 in
1068 3749 1203 3812 vehicula

189 3845 308 3902 sueruo
321 3844 410 3920 saltn,
422 3846 492 3906 cum
506 3863 675 3911 succurrere
694 3844 898 3910 labmautibus
917 3845 979 3908 suis
993 3845 1112 3908 vellent.
1155 3845 1203 3908 Ac
