2600 4394
320 383 441 426 mssa
470 383 524 426 rr.
555 385 641 426 oar.
679 386 729 428 ιιι.
989 371 1029 432 fid

54 523 181 584 ednonsre
199 527 301 601 potest,
314 522 428 586 ⁸roiars
446 524 508 600 jmn
529 521 736 586 miserimrdiee
746 531 810 586 tu
826 523 924 601 lisere,
937 527 1029 605 (με

54 619 145 678 liduit.”

99 715 139 772 ll.
159 711 325 787 Alexander,
346 711 450 790 legatis
472 712 613 774 exoedere
633 713 817 774 tabemaanlo
836 715 936 792 jussis,
956 715 1028 794 qnid

54 808 164 884 eleoerst,
175 807 207 866 ad
219 807 373 868 eonsilium
385 807 486 866 refert
527 807 591 868 Did
604 827 697 882 neme,
711 809 782 887 qnid
795 810 928 884 mbret,
939 829 1028 870 aune

54 909 86 960 est
109 902 198 976 direre,
221 903 334 962 incerti
362 901 453 979 Regis
480 902 639 962 voluntate.
696 903 827 964 Tandem
855 904 1027 966 Parmenio:

54 997 137 1056 ‘Ante
157 996 328 1071 masiesem,”
350 997 401 1071 eit,
423 1001 487 1056 “at
503 998 634 1076 eaptiros
658 998 735 1076 apud
756 999 931 1060 Damnum
954 999 1028 1060 redi·

54 1093 168 1152 rentibus
179 1093 326 1152 redderes:
348 1093 494 1171 ingentem
507 1093 659 1170 peonniem
674 1094 807 1170 potuisse
819 1094 914 1172 redigi
928 1095 1027 1169 exiis,

55 1187 82 1244 ui
94 1187 170 1246 multi
181 1187 268 1246 vineti
280 1187 409 1247 virorem
421 1187 540 1248 fortium
553 1195 731 1266 oompmmt
743 1207 853 1248 manus
896 1189 940 1248 Iit
951 1207 1028 1248 nano

54 1284 190 1360 regreperd
203 1301 357 1355 oenserem,
371 1289 405 1339 nt
417 1301 505 1340 unam
518 1301 614 1355 annm,
628 1289 660 1340 et
673 1282 747 1340 dnae
759 1283 881 1360 puellas,
891 1283 1029 1342 itinerum

54 1377 220 1454 gminnmqae
245 1375 462 1452 impedimenta,
486 1374 610 1452 triginta
635 1375 765 1436 millibus
791 1376 939 1436 talentdm
965 1377 1031 1435 auri

54 1477 178 1528 ermetee.
218 1469 357 1546 Opimum
378 1489 500 1546 regnum
520 1470 657 1547 ononpari
678 1489 763 1547 pesse
782 1470 960 1544 eruditione,
973 1487 1031 1530 non

54 1565 120 1623 ello:
134 1583 185 1623 neo
196 1583 367 1643 quemqnam
380 1563 470 1624 alium
483 1565 561 1624 inter
575 1564 688 1624 Istrum
699 1573 730 1624 et
740 1563 923 1644 Euphraten
935 1584 1030 1644 posse·

54 1663 100 1718 Isse
111 1667 208 1735 terrae,
218 1659 329 1738 ingenti
338 1659 433 1736 spatio
442 1660 652 1740 intervalloque
663 1659 812 1720 diseretm
828 1660 1030 1722 diaoedoaism

54 1773 132 1833 reque
153 1755 310 1831 respiceres
331 1755 442 1831 potiris,
456 1755 545 1833 qnim
564 1754 674 1815 Baetra
686 1762 717 1814 et
730 1755 823 1816 Iudas
843 1757 1029 1818 tereosris”

54 1856 139 1927 ignata
150 1848 241 1908 oratio
256 1848 333 1927 Regi
346 1849 411 1908 fuit
455 1847 560 1928 Itaque
573 1857 608 1908 nt
620 1851 707 1910 &rem
726 1851 841 1910 dioeadi
854 1851 934 1925 ieoit,
956 1855 975 1886 “
987 1851 1030 1910 ile

54 1946 99 2018 *o,’'
112 1945 214 2022 inquit,
229 1944 405 2020 “penuriam
429 1945 519 2023 qndm
541 1945 664 2022 gloriam
687 1945 812 2020 mallem,
827 1946 855 2004 si
874 1946 1030 2006 Parmenio

54 2059 116 2096 sem.
157 2038 261 2098 'Naro
276 2038 445 2096 Alexander
477 2038 513 2096 de
534 2046 707 2116 paupertate
731 2041 880 2100 ²⁰seonras
903 2059 976 2113 snm,
1001 2047 1032 2098 et

54 2151 133 2191 enon
146 2140 337 2192 mercatorem
356 2131 477 2192 memini
490 2151 562 2205 essa,
578 2133 629 2192 sed
643 2133 765 2211 Regem.
808 2133 893 2192 Nihil
913 2133 1032 2211 quidem

54 2228 109 2286 beo
122 2225 242 2286 venale:
265 2225 318 2284 sed
324 2225 478 2284 ,dertonam
490 2244 585 2284 meam
597 2226 700 2303 ntiqui
715 2243 774 2284 noe
787 2225 890 2284 vendo.
935 2225 1033 2302 (lapti-

55 2341 64 2378 e
91 2320 118 2378 si
142 2319 241 2396 plaeet
263 2318 355 2393 reddi,
379 2319 533 2378 honestids
556 2319 631 2380 dono
656 2319 798 2393 dabimus,
823 2321 913 2398 quim
938 2319 1034 2397 pretio

55 2415 224 2473 nittemns.'’

71 2513 120 2569 45.
143 2505 329 2568 Inbeduotis
340 2507 447 2568 deinde
461 2506 574 2586 legetis,
588 2507 628 2566 ad
645 2507 721 2566 huna
734 2507 850 2568 modam
866 2509 1033 2588 respondit:

55 2605 193 2663 inneiate
215 2603 317 2677 Dario,
339 2622 395 2674 me,
415 2621 481 2682 qnae
500 2603 616 2662 feeerim
640 2603 794 2662 elementer
812 2611 844 2664 et
864 2605 1032 2680 liberaliter,

55 2723 62 2756 ι
89 2698 316 2775 emioitioeejus
337 2698 484 2772 tribuisse,
500 2697 551 2756 sed
572 2705 685 2760 natnrae
704 2717 784 2758 mooe
825 2699 944 2760 Bellum
966 2719 1034 2760 eum

55 2795 136 2852 nivis
146 2800 179 2852 et
193 2793 323 2854 foeminis
332 2813 432 2872 gerere
440 2811 497 2852 non
504 2793 600 2869 soleo3
623 2799 751 2852 umatus
763 2793 804 2852 sit
814 2799 937 2870 oportet,
950 2813 1035 2870 quern
1115 2821 1122 2832 ·

55 2889 130 2946 :rim
175 2887 266 2957 Qndd
278 2888 303 2948 si
317 2888 420 2948 saltem
432 2905 532 2964 paoem
552 2887 630 2948 benet
642 2887 699 2946 lide
711 2893 833 2964 pateret,
847 2886 1035 2958 deliberarem

55 2983 135 3041 sitan
150 2999 191 3040 en
206 2981 314 3042 desem.
365 2985 385 3012 ¹¹
396 2981 513 3042 Verdm
525 2981 603 3040 enim
627 2983 704 3056 rerd,
717 2983 781 3040 oiim
796 2982 816 3010 ¹²
827 2981 918 3042 modd
925 2983 1035 3046 milites

55 3097 83 3136 rs
98 3077 219 3136 litteris
232 3076 271 3136 ed
283 3075 483 3154 proditionem,
496 3077 582 3136 modd
596 3076 704 3136 amieos
716 3075 754 3134 ad
774 3076 931 3154 pernioiem
942 3097 1036 3138 meam

55 3173 131 3232 unii
147 3172 303 3247 sollieitet,
317 3171 356 3230 ed
368 3171 591 3232 interneeionem
604 3169 676 3230 mihi
688 3172 899 3251 persequendus
912 3180 964 3250 est,
978 3193 1037 3234 non

55 3275 153 3326 ustus
167 3267 277 3341 bostis,
292 3267 345 3326 sed
360 3273 395 3325 ut
415 3283 567 3343 peroneeor
578 3267 727 3328 reamare.
768 3265 955 3330 Oonditienea
968 3270 1036 3329 rerd

55 3363 91 3436 is,
107 3379 190 3440 ques
216 3361 349 3436 adfertis,
363 3361 389 3420 si
412 3379 558 3438 abrepere,
570 3359 707 3422 victorem
719 3381 785 3422 eum
804 3362 923 3424 iaoinnt
966 3362 1039 3432 Qus

55 3463 103 3515 set
120 3456 317 3534 Euphratem
328 3463 409 3530 srmt,
425 3456 445 3486 ¹⁴
455 3455 615 3518 liberaliter
634 3454 731 3518 donat
773 3457 973 3535 1’ῑιιιῐιςῑιιιι
988 3473 1039 3517 me

55 3550 167 3610 mini?
189 3553 299 3628 nempe
313 3550 391 3610 ultra
404 3549 583 3629 Euphratem
595 3569 665 3612 snm.
708 3551 857 3614 suanum
871 3552 939 3628 ergd
953 3548 1039 3623 dotis,

55 3667 87 3704 m
103 3645 279 3723 promittit,
291 3645 447 3706 tendinum
459 3652 555 3707 outre
566 3665 631 3706 mee
643 3653 801 3707 erassum
844 3643 923 3702 Hine
936 3661 982 3700 me
995 3642 1040 3704 de·

55 3741 111 3814 ite,
129 3747 171 3798 ut
188 3739 285 3800 seiam
297 3747 426 3802 vestrum
440 3759 502 3800 erse
513 3760 570 3820 qno
583 3740 697 3800 reditis.
741 3737 855 3798 nedem
868 3736 1041 3798 liberalitate

75 3834 162 3892 mihi
190 3834 287 3894 filiam
313 3853 404 3910 snam,
432 3837 452 3864 ¹⁶
462 3838 565 3912 nempe
590 3853 677 3912 qnam
704 3831 766 3892 seio
788 3829 874 3892 alieni
893 3851 1039 3894 sororem
