2520 4390
220 425 222 430 ·
294 407 417 450 mesu
444 409 476 450 v.
506 405 593 449 ose.
621 407 696 450 v11.
961 393 999 452 97

62 547 170 625 enplun
183 546 268 625 Regis
278 545 377 606 emtori
391 545 500 606 imitati
514 553 592 605 sunt.
645 547 775 608 Tandem
789 549 1001 627 propemoddm
1020 609 1030 621 ,

62 644 97 700 ies
110 642 195 720 sylves
215 642 330 713 emensi,
353 642 471 700 humeni
495 641 594 700 cnltds
613 661 681 701 rere
693 643 826 722 vestigia,
840 651 870 702 et
891 645 1000 722 possim

61 745 132 795 entes
155 755 276 815 pecorum
302 755 405 815 greges
432 738 585 814 reperere:
615 741 646 794 et
672 737 784 812 incolae,
812 737 864 817 qui
892 739 1000 817 sparsis

61 831 124 889 uriis
140 831 304 901 habitabant,
319 832 388 889 culm
412 851 443 890 ee
462 829 587 890 callibus
600 831 688 891 inviis
710 840 808 910 septos
829 851 892 894 esse
913 833 999 892 credi·

61 935 115 1000 tent,
137 934 167 985 ut
186 929 361 1004 conspexere
384 925 512 984 hostium
535 945 645 1005 agmen,
668 927 860 986 ¹‘interfectis
882 929 933 1007 qni
956 929 999 987 fu·

61 1031 110 1080 rtes
134 1022 255 1080 comitari
287 1039 346 1080 non
372 1027 514 1098 poterent,
544 1021 644 1080 devios
678 1029 800 1101 montes,
831 1029 860 1081 et
888 1023 999 1082 obsitos

61 1118 113 1175 lbus
125 1118 289 1194 petiverunt.
333 1115 409 1174 Inde
429 1133 481 1194 per
502 1115 646 1195 colloquia
660 1117 842 1194 captivorum
856 1117 998 1196 paulatim

61 1219 108 1270 nte
126 1213 262 1290 mitigate,
277 1211 426 1270 tradidere
446 1229 477 1269 se
498 1211 583 1290 Regi.
627 1212 690 1270 Neo
703 1213 734 1269 in
748 1211 865 1271 deditos
878 1214 998 1292 grevids

61 1309 159 1366 ultum.
211 1306 345 1364 Vastatis
368 1305 473 1363 deinde
496 1306 574 1382 egris
598 1303 741 1380 Persidis,
765 1307 896 1385 vicisque
923 1327 998 1366 eom·

63 1404 123 1460 ibus
145 1401 265 1459 redactis
289 1401 319 1458 in
340 1407 524 1477 potestatem,
547 1407 667 1459 ventum
695 1409 740 1458 est
766 1401 796 1458 in
824 1400 999 1460 Mardorum

61 1517 108 1553 aem
131 1495 381 1568 bellicosissimam,
407 1501 437 1551 et
461 1493 583 1552 multdm
611 1513 628 1552 e
655 1495 770 1553 caeteris
793 1495 892 1554 Persis
915 1495 999 1555 cultu

61 1617 63 1642 l
84 1589 283 1648 abhorrentem.
326 1589 435 1667 Specus
458 1589 488 1646 in
511 1589 660 1648 montibus
681 1589 805 1664 fodiunt,
821 1591 851 1648 in
871 1611 943 1670 quos
957 1611 999 1650 se·

70 1705 102 1742 ec
124 1686 263 1764 conjuges,
279 1693 309 1742 et
330 1683 438 1744 liberos
454 1684 590 1744 condunt.
634 1683 776 1744 Pecornm
799 1693 852 1744 eut
871 1687 997 1746 ferermn

61 1802 72 1838 s
93 1789 251 1839 vescuntur.
296 1779 372 1838 ¹'Ne
395 1781 521 1839 foeminis
540 1781 659 1860 quidem
680 1799 733 1859 pro
760 1787 872 1841 nutum
895 1781 997 1842 babitu

62 1878 120 1934 iore
133 1876 246 1955 ingenie
260 1883 336 1935 sunt.
382 1875 480 1936 Oomae
502 1877 667 1954 prominent
689 1875 783 1952 hirto,
798 1877 890 1937 vestis
911 1895 998 1955 snper

61 1993 82 2029 ¹a
108 1979 160 2030 est.
203 1971 308 2030 Funde
331 1972 465 2030 vinciunt
488 1969 629 2031 frontem:
661 1972 716 2030 boc
738 1979 769 2031 et
796 1981 997 2032 ornamentum

63 2067 96 2137 is,
112 2073 141 2125 et
156 2065 246 2124 telum
259 2073 312 2124 est.
356 2066 415 2126 Sed
434 2067 636 2146 huncquoque
650 2074 767 2146 gentem
779 2067 858 2126 idem
871 2067 997 2127 fortunae

61 2169 108 2218 tus
131 2161 250 2218 domuit.
294 2159 399 2239 Iteque
421 2161 571 2239 trigesimo
594 2161 652 2235 dic,
674 2168 828 2240 postquem
852 2181 870 2219 n
890 2159 994 2221 Perse·

62 2255 203 2332 profectus
215 2262 287 2327 eret,
305 2255 407 2312 eddem
420 2253 517 2312 rediit.
559 2255 645 2313 Dona
665 2253 771 2312 deinde
786 2253 887 2312 smiois
900 2262 996 2313 caetcr·

77 2369 129 2427 pro
145 2351 287 2428 cujusque
300 2349 404 2407 merito
415 2347 506 2408 dedit
548 2349 762 2428 Propemodum
776 2349 879 2425 omnis,
894 2350 998 2430 quoein

62 2447 99 2506 be
114 2451 242 2522 ceperat,
257 2443 421 2505 distribute.
730 2509 733 2514 ¹

62 2541 111 2600 ἸΙ.
137 2543 184 2599 22.
211 2539 360 2600 (lectorum
382 2539 513 2619 ingentis
539 2539 627 2598 enimi
649 2539 733 2615 bone,
756 2539 838 2598 illem
860 2539 994 2617 indolem,

63 2655 147 2694 mnes
164 2635 265 2713 Reges
279 2636 444 2710 antecessit,
459 2635 539 2693 illem
554 2635 584 2693 in
599 2633 757 2694 subeundis
776 2635 915 2714 perieulis
929 2655 995 2695 con·

63 2753 121 2802 cm,
147 2732 180 2790 in
206 2731 295 2791 rebus
321 2731 494 2790 ²moliendis
515 2731 729 2810 efficiendisque
748 2731 943 2804 velocitatem,
964 2731 1002 2788 in

63 2845 85 2884 »s
109 2827 211 2900 fidem,
235 2827 267 2884 in
292 2826 423 2904 captivos
445 2825 637 2900 clementiam,
658 2825 689 2883 in
709 2824 913 2902 voluptatibus
934 2843 995 2902 per·

80 2941 203 3000 quoqne
229 2931 260 2979 et
282 2922 401 2980 usitatis
423 2921 655 2999 temper-entiam,
675 2919 755 2978 heud
777 2919 922 2979 tolerabili
934 2919 996 2980 vini

66 3023 132 3074 tate
156 3016 291 3076 foedavit.
333 3015 452 3076 'Hoste
474 3025 504 3075 et
526 3015 632 3076 eemulo
653 3014 736 3093 regni
758 3023 911 3094 repetente
932 3021 995 3075 tum

64 3113 190 3170 naximb
217 3111 343 3189 bellum3
370 3131 463 3190 nuper
485 3111 623 3185 subactis,
644 3127 716 3190 qnos
736 3111 856 3188 eiceret,
877 3131 994 3173 novum-

64 3212 203 3285 rperium
218 3208 460 3286 aspernantibus,
482 3207 539 3266 'de
561 3205 608 3265 die
629 3205 722 3267 inibat
736 3209 875 3283 convivia,
889 3209 995 3289 quibus

65 3325 84 3361 s
101 3304 283 3378 intererant,
292 3323 350 3362 non
358 3302 476 3382 quidem
491 3319 563 3381 ques
572 3301 675 3362 violari
684 3303 766 3362 neles
778 3312 872 3369 essct:
886 3304 995 3383 quippe

65 3419 109 3472 es,
127 3399 277 3466 licentius
300 3400 388 3478 quem
403 3397 524 3458 docebat
544 3417 609 3457 cum
624 3406 733 3458 ermeto
746 3399 845 3460 vivere
860 3405 992 3458 essuetae,

81 3515 149 3552 une.
164 3493 292 3569 'Thais
307 3501 338 3553 et
360 3495 424 3572 ipse
443 3493 611 3569 temulente,
626 3496 783 3555 maximam
804 3493 881 3571 opud
895 3505 995 3549 omnes

66 3609 74 3648 ι
102 3589 265 3648 initurum
286 3589 409 3668 gretiam
432 3589 561 3665 affirmet,
577 3589 603 3649 si
624 3591 735 3670 regiam
757 3587 916 3648 Persarum
934 3585 995 3662 jus·

66 3683 217 3744 incendi:
242 3692 410 3763 exspectare
437 3685 492 3744 hoc
516 3703 577 3760 eos,
605 3705 730 3764 quorum
753 3680 841 3741 urbes
869 3677 995 3741 Berberi

66 3789 107 3839 nt.
186 3779 288 3841 Ebrio
315 3789 411 3840 scorto
436 3780 473 3840 de
508 3785 593 3840 tentet
620 3800 651 3838 re
678 3777 783 3836 ferenti
811 3775 993 3854 sententiam,

66 3897 69 3930 t
85 3876 186 3952 altor,
205 3883 238 3936 et
253 3875 311 3956 ipsi
330 3895 409 3937 mero
424 3875 536 3935 onereti
550 3873 756 3934 assentiuntur.
799 3871 867 3934 Rex
881 3891 995 3953 quoque

111 3976 136 4033 5
