2642 4386
304 439 308 446 x
425 373 548 418 eren
577 374 670 416 rin.
702 375 788 416 ose.
817 376 868 417 xi.
1095 357 1156 418 eos

144 533 216 576 saxa
237 515 268 575 in
291 513 445 576 subeuntes
470 513 704 592 provolventibus
730 513 885 592 Barbaria
914 513 997 594 queis
1022 513 1157 593 persulsi,
1283 515 1294 538 ¹

143 610 277 671 instabili
289 618 320 669 et
340 610 448 670 lubrioo
466 609 561 689 gradu
578 609 740 688 praeeipites
760 609 935 670 renidebant
975 610 1160 670 'Ilnserant

144 712 244 764 minen
257 705 422 765 Alexander
435 711 465 764 et
485 703 608 778 Glearus,
628 723 700 782 quos
720 723 787 764 eum
807 705 930 784 triginta
950 705 1070 764 deleatis
1088 725 1159 782 prae·

146 802 265 860 miserat
287 800 362 876 Rex,
386 801 493 878 etjam
512 819 639 880 pugnare
659 801 791 860 eominus
812 807 962 878 ooeperant.
1013 800 1071 861 Sed
1097 805 1162 858 eim

18 964 26 970 ,
149 896 269 973 superne
283 897 340 956 tela
353 896 477 956 Barbari
488 896 658 975 ingererent,
670 896 774 974 saepius
789 897 807 926 ¹⁰
816 896 874 974 ipsi
887 895 1065 956 sedabantur
1073 897 1162 974 quam

148 992 347 1052 vulnerabant
394 991 476 1070 Ergo
502 991 670 1051 Alexander
694 999 726 1052 et
752 992 875 1051 nominis
897 991 952 1067 sui,
974 999 1005 1050 et
1024 989 1163 1069 promissi

147 1105 262 1162 memor,
276 1087 348 1146 duim
367 1087 466 1145 aerius
477 1087 566 1165 quam
579 1087 696 1146 oautids
716 1087 845 1162 dimioat,
860 1087 1010 1147 oonfossus
1032 1085 1161 1165 undique

140 1181 288 1243 obruitur.
330 1181 424 1252 Quem
443 1187 478 1239 ut
492 1180 604 1242 (iberus
624 1183 766 1258 jaoentem
779 1181 935 1259 eonspexit,
949 1201 1034 1242 ruere
1047 1182 1079 1240 in
1097 1181 1164 1242 bos·

147 1257 216 1353 tend,
241 1277 369 1336 omnium
391 1284 498 1354 praeter
521 1273 662 1334 ultionem
687 1276 844 1350 immemor,
867 1277 970 1353 ooepit3
1001 1276 1165 1353 multosque

147 1373 244 1447 basta,
263 1371 403 1450 quosdam
423 1367 523 1448 gladio
544 1370 698 1429 interemit
740 1369 800 1430 Sed
819 1374 884 1428 oum
904 1377 950 1429 tot
967 1389 1058 1428 unum
1077 1370 1166 1428 inoes-

149 1473 248 1527 seront
260 1483 373 1539 manus,
388 1483 474 1542 super
494 1463 580 1522 amioi
593 1482 696 1541 eorpus
719 1464 874 1542 prooubuit
886 1463 1035 1524 exanimis.
1076 1463 1167 1524 Haud

150 1563 237 1620 saeuis
258 1559 347 1638 quim
369 1579 424 1637 par
443 1565 506 1618 erat
527 1559 808 1638 promptissimorum
828 1561 968 1638 juvenum
987 1566 1167 1621 aureorum

157 1675 208 1735 pua
231 1654 357 1738 militum
380 1653 503 1714 interitu
523 1659 681 1714 oommotus
701 1655 776 1730 Rex,
790 1654 905 1734 signum
925 1654 1056 1733 reoeptui
1075 1653 1165 1718 dedit

152 1751 248 1813 Saluti
260 1749 327 1826 fuit,
341 1750 418 1830 quod
441 1751 547 1810 sensim
560 1755 591 1809 et
611 1750 751 1829 intrepidi
764 1770 796 1811 se
815 1759 991 1830 reoeperunt
1034 1751 1076 1812 Et
1095 1751 1167 1812 Bar·

149 1845 213 1908 bari
226 1847 339 1905 bostem
352 1845 496 1924 depulisse
509 1845 637 1906 eontenti
648 1865 706 1905 non
719 1846 852 1907 institere
864 1847 1039 1916 dedentibus

211 1946 257 2001 38.
280 1941 428 2002 ceterum
441 1941 620 2017 Alexander,
633 1945 698 2000 eum
718 1942 869 2002 statuisset
882 1943 1025 2004 desistere
1044 1943 1168 2022 indepto,

152 2035 268 2114 (quippe
281 2035 362 2094 nulla
375 2053 440 2112 spes
452 2034 602 2112 potiundae
623 2042 714 2112 petrae
727 2035 921 2115 offerebatur),
934 2043 1032 2096 tamur
1046 2037 1169 2114 speeiem

152 2129 282 2188 ostendit
302 2129 334 2187 in
346 2129 496 2190 obsidione
516 2130 733 2206 perseverantis.
775 2129 854 2188 Nam
867 2137 897 2190 et
919 2131 1027 2188 itinera
1040 2129 1168 2190 obsideri

149 2261 152 2268 ·
157 2223 257 2302 jussit,
272 2229 303 2282 et
314 2229 409 2282 turres
421 2223 577 2298 admoveri
590 2230 620 2282 et
631 2223 766 2301 fatigatis
785 2223 858 2282 alios
878 2224 1037 2284 suooedere.
1079 2221 1170 2302 (lujus

152 2318 313 2398 pertinenia
335 2317 544 2397 eognitt,1ndi
563 2337 616 2395 per
639 2317 759 2377 biduum
771 2317 898 2397 quidem,
912 2337 946 2378 ae
967 2317 1040 2378 duas
1062 2325 1170 2396 nootas,

150 2433 219 2473 eum
250 2413 443 2473 ostentatione
475 2431 532 2471 non
563 2412 678 2472 liduoioe
705 2412 800 2489 mode,
829 2413 880 2473 sed
913 2401 1001 2473 etiam
1030 2413 1170 2490 viroso,

154 2509 262 2588 epulrmi
275 2515 353 2585 sumt,
368 2515 505 2588 tympana
524 2527 576 2567 suo
590 2525 671 2568 more
691 2508 846 2586 pulsantes
888 2508 990 2570 Tertii
1003 2512 1073 2572 verb
1086 2517 1171 2570 noete

153 2612 352 2683 tympanorum
373 2604 490 2684 quidem
513 2603 654 2682 strepitus
678 2603 804 2664 desierat
833 2604 947 2666 audbi:
978 2609 1114 2666 oesterbrn
1133 2625 1171 2666 ex

153 2705 216 2758 tota
238 2704 322 2778 petra
345 2699 423 2758 fooes
449 2699 643 2778 refulgebant,
670 2718 742 2778 quas
772 2700 963 2760 eeeanderant
982 2701 1115 2777 Barbari,
1135 2707 1171 2760 ut

154 2794 247 2852 tutior
274 2801 350 2853 esset
374 2795 447 2873 ipsis
474 2795 553 2874 fuga,
574 2795 709 2855 obseura*
722 2802 808 2854 noete
832 2813 884 2872 per
910 2794 991 2854 invia
1011 2813 1081 2854 sexa
1108 2813 1170 2858 our·

155 2887 241 2947 suris
292 2889 368 2963 Rex,
395 2889 518 2948 Balacro
542 2890 594 2968 qui
618 2890 814 2968 specularetur
838 2889 997 2966 praemisso,
1025 2891 1171 2970 eognoseit

155 2988 269 3060 petram
280 2982 352 3061 fuga
365 2981 505 3041 Indorum
518 3001 580 3042 essa
593 2984 744 3044 desertam
788 2983 865 3042 Tum
878 2983 948 3042 dato
961 2984 1042 3064 signo
1056 2993 1090 3045 ut
1108 2987 1169 3046 uui·

155 3079 232 3138 versi
252 3077 471 3148 oonolamarent,
495 3078 682 3156 inoomposite
704 3079 883 3158 fugientibus
904 3087 1013 3140 metum
1039 3082 1170 3158 ineussit‚

153 3173 296 3252 multique
320 3165 473 3252 (tanquam
496 3173 612 3232 adesset
635 3173 740 3254 hostis)
761 3193 814 3252 per
834 3175 945 3236 lubrioa
965 3195 1044 3253 saxa,
1064 3195 1170 3257 perque

154 3268 249 3329 invias
262 3275 342 3328 ootes
354 3268 532 3347 praecipitati
545 3268 717 3328 oooiderunt.
746 3269 850 3330 Plures
863 3271 962 3352 aliqua
974 3273 1169 3332 membrorum

155 3371 236 3442 parto
255 3363 387 3424 mulotati
401 3365 439 3426 ab
459 3363 583 3444 integris
597 3364 706 3424 deserti
726 3372 801 3426 sunt
841 3367 917 3444 Rex,
930 3367 1056 3427 looorum
1077 3366 1170 3444 magis

155 3462 241 3538 quem
261 3459 387 3519 bostium
400 3461 501 3536 vietor,
531 3463 656 3520 ¹¹tomen
676 3479 789 3541 magua
811 3462 939 3523 viatorioe
966 3459 1114 3522 saorifioiis
1139 3468 1169 3518 et

155 3554 237 3613 oultu
258 3554 356 3613 Deum
375 3555 521 3616 satisfecit.
563 3556 636 3616 Arae
656 3555 687 3614 in
707 3561 792 3636 petre
812 3557 915 3616 looataa
937 3563 1007 3614 sunt
1028 3553 1169 3616 Minervae

156 3648 361 3728 Vietoriaeque.
411 3649 541 3712 Dueibus
566 3650 688 3728 itineris,
714 3655 773 3731 qud
793 3651 891 3710 subire
915 3651 1044 3726 jusserat
1063 3648 1169 3710 leviter

155 3752 290 3822 armatos,
318 3745 373 3804 etsi
403 3746 552 3822 promissis
577 3747 689 3806 minora
714 3746 923 3824 praestiterant,
950 3742 1076 3820 pretium
1104 3763 1168 3804 eum
