2520 4390
191 369 232 430 06
536 383 677 435 cornus
707 383 847 428 cuarrr

191 521 350 584 crudelitas
377 523 408 582 in
435 523 521 601 capta
540 523 614 584 urbe
640 530 773 602 grauata
799 529 851 581 est
904 521 998 596 Auro,
1027 525 1210 600 argentoque

191 618 300 692 onusti,
333 617 404 678 vilia
430 619 610 696 captivorum
642 637 763 695 corpora
794 616 989 691 trucidabant,
1019 617 1209 696 'passimque

191 712 269 772 obvii
282 711 475 788 credebantur,
489 731 562 792 quos
584 713 671 771 antea
684 712 811 789 pretinm
824 711 871 770 sui
890 711 1078 772 miserabiles
1092 712 1206 771 iecerat

191 806 283 866 Multi
296 809 365 886 ergd
379 807 505 868 bostium
516 825 618 866 manus
626 806 790 866 voluntaria
799 813 891 866 morte
904 814 1140 884 occupauerunt,
1153 825 1208 884 pre

191 902 348 964 canusima
361 903 487 962 vestium
501 901 607 976 induti,
621 921 638 960 e
657 901 749 962 muris
763 901 932 978 semetipsos
952 919 1020 960 eum
1034 902 1208 979 conjugibus

189 1015 224 1056 ac
246 997 344 1056 liberis
357 997 388 1054 iu
402 1015 530 1074 preceps
548 997 702 1072 jactantes.
745 994 872 1066 Quidam
893 995 1106 1073 ignes,⁸quod
1125 995 1207 1073 pauld

189 1097 256 1168 post
268 1091 399 1149 facturus
412 1091 505 1149 bostis
515 1090 676 1165 ridebatur,
688 1091 871 1166 subjecerant
881 1090 1001 1162 redibas,
1013 1098 1051 1148 ut
1065 1109 1140 1150 eum
1155 1091 1207 1149 sois

189 1184 249 1244 vivi
271 1192 473 1244 cremarentur.
535 1185 665 1244 Tandem
687 1186 768 1244 'suis
791 1185 859 1244 Rex
873 1184 1054 1262 corporibus,
1071 1193 1108 1244 et
1131 1185 1207 1244 cultu
1248 1225 1249 1228 ,

189 1280 372 1340 foeminarum
383 1280 527 1341 abstinere
537 1281 635 1358 jussit.
692 1279 802 1359 Ingens
815 1280 948 1356 pecuniae
959 1279 1090 1356 captivus
1107 1281 1206 1340 modus

191 1375 326 1450 traditur,
340 1378 430 1454 prope
444 1384 479 1434 ut
491 1376 578 1435 fidem
591 1375 720 1435 excedat.
764 1373 913 1434 Gaetordm
927 1380 979 1432 aut
997 1373 1035 1432 de
1055 1373 1206 1453 aliisque

186 1491 245 1550 ¹que
259 1473 465 1543 dubitavimus,
481 1479 531 1530 aut
546 1471 695 1530 eradamus
709 1470 740 1528 in
753 1470 841 1546 hujus
860 1468 943 1529 urbis
957 1471 1032 1546 gara
1053 1469 1155 1528 fnisse
1174 1469 1204 1526 'c

190 1574 221 1624 et
249 1587 291 1624 xx
313 1567 405 1626 millia
427 1567 588 1624 talentum:
610 1565 648 1624 ad
669 1585 735 1644 quae
755 1561 889 1625 vehenda
909 1563 1047 1642 (namque
1072 1565 1118 1623 ad
1142 1583 1205 1623 usus

190 1660 260 1718 belli
282 1679 379 1718 seeum
396 1660 513 1736 portare
535 1660 713 1737 decreuerat)
733 1661 866 1736 jumenta
887 1665 919 1716 at
939 1657 1067 1718 camelos
1091 1679 1113 1717 a
1127 1659 1205 1719 Susis

190 1760 221 1812 et
248 1752 399 1829 Babylone
426 1753 558 1810 cannabi
583 1753 680 1829 jussit
733 1754 891 1812 Accessere
916 1752 953 1810 ad
976 1752 1052 1810 haue
1074 1753 1205 1830 pecunie

190 1861 332 1906 summam
345 1846 438 1922 captis
453 1846 626 1925 Parsagadis
646 1865 697 1906 sex
717 1847 809 1906 millia
831 1847 980 1904 talentum.
1024 1845 1129 1924 (lyrus
1143 1847 1204 1908 Per·

190 1939 330 2018 sagedum
342 1940 443 2000 urbem
457 1940 635 2015 condiderat,
652 1959 739 2019 quam
759 1940 931 2000 Alexandro
953 1940 1125 2001 Praefectus
1147 1945 1205 2020 ejm

191 2035 323 2096 Gobares
337 2035 467 2094 tradidit

249 2135 296 2191 al.
319 2131 388 2191 Rex
411 2151 506 2191 arcem
527 2130 702 2209 Persepolis,
731 2130 825 2190 tribus
849 2129 979 2190 millibus
1007 2129 1204 2192 Macedonum

189 2227 326 2307 praesidio
340 2225 458 2301 relictis,
482 2227 674 2287 Nicarthiden
696 2225 773 2284 tueri
791 2225 885 2302 jubet.
928 2225 1065 2302 Tyridati
1078 2247 1202 2307 qnoque,

190 2325 242 2403 qui
255 2345 355 2402 garam
368 2323 539 2396 tradiderat,
554 2330 686 2382 servatus
707 2327 753 2379 est
772 2320 872 2394 honos,
886 2339 973 2399 quem
986 2320 1063 2398 apud
1079 2321 1203 2382 Darium

190 2419 349 2492 habuerat3
385 2437 544 2494 magnaque
567 2417 714 2475 exercitiis
738 2421 828 2492 parte,
856 2421 887 2474 et
914 2415 1135 2492 impedimentis
1164 2417 1203 2478 ibi
1252 2443 1253 2446 ¹

190 2511 309 2582 relictis,
325 2511 545 2568 Parmenionem
561 2509 769 2588 Craterumque
777 2509 915 2587 praefecit.
958 2509 1028 2586 Ipse
1040 2528 1108 2568 cum
1122 2511 1201 2570 milla

191 2604 347 2683 equitibus,
371 2604 559 2682 peditumque
586 2604 723 2681 expedita
748 2625 843 2679 mauu,
872 2605 1040 2664 interiorem
1067 2604 1201 2666 Persidis

190 2699 345 2778 regionem,
370 2697 424 2758 sub
447 2698 543 2774 ipsum
566 2697 786 2777 'Vergiliarum
809 2699 890 2758 sidus
909 2699 1014 2776 petiit:
1043 2699 1202 2780 multisque

191 2795 378 2858 imbribuset
399 2813 490 2873 prope
512 2793 690 2855 intolerabili
710 2801 880 2872 tempestate
899 2800 1030 2870 rexatus,
1044 2796 1202 2871 procedere

121 2935 123 2942 ,
191 2897 296 2966 tamen,
319 2892 376 2970 qud
398 2890 570 2965 intenderat,
592 2890 797 2968 perseveravit.
848 2889 978 2948 Ventum
1001 2896 1066 2948 erat
1086 2889 1127 2948 ad
1147 2890 1202 2948 iter

191 2987 339 3063 perpetuis
354 2987 480 3046 obsitum
493 2985 617 3060 nivibus,
639 2986 739 3064 ¹⁰quus
758 2984 878 3063 frigoris
890 2985 936 3044 vis
949 2983 1019 3062 gelu
1038 2983 1201 3044 adstrinxe·

192 3086 246 3138 rat
289 3080 431 3140 Locorum
445 3081 606 3157 squaleret
627 3079 800 3139 solitudines
821 3080 839 3108 ¹¹
851 3079 938 3140 iuriae
958 3079 1117 3158 fatigatum
1128 3080 1202 3140 mili·

193 3181 251 3232 tem
265 3174 422 3250 terrebant,
443 3176 634 3236 humanarum
653 3193 750 3236 rerum
771 3175 909 3234 terminos
929 3193 961 3235 se
973 3174 1073 3234 videre
1087 3176 1201 3236 creden·

192 3276 260 3328 tem.
305 3267 412 3331 Omnia
431 3276 521 3346 vasta,
546 3278 632 3350 atque
656 3269 719 3330 sine
738 3269 800 3328 ullo
813 3269 933 3328 humaui
955 3268 1054 3328 cultus
1067 3269 1202 3348 vestigio,

193 3364 311 3426 attoniti
332 3363 535 3424 intuebantur:
567 3373 598 3424 et
620 3365 804 3444 ¹²antaqusm
826 3364 880 3424 lux
903 3383 1017 3443 quoque
1044 3369 1075 3422 et
1096 3363 1202 3422 caelum

193 3461 272 3540 ipsos
295 3459 459 3532 deficerent,
483 3459 591 3519 reverti
614 3459 765 3536 jubebant.
821 3458 889 3518 Rex
914 3457 1056 3536 castigare
1082 3457 1202 3518 territos

195 3555 214 3586 ¹¹
224 3553 406 3635 supersedit:
427 3555 566 3614 ceterum
588 3553 739 3633 ipsaeque
753 3553 872 3628 desiliit,
883 3553 1028 3632 pedesque
1039 3571 1093 3628 per
1106 3551 1202 3614 nivem

194 3657 224 3708 et
237 3657 400 3710 coneretam
420 3648 544 3728 glaciem
565 3647 679 3726 ingredi
699 3648 794 3726 eoepit
837 3647 1027 3709 Erubuerunt
1039 3663 1097 3706 nou
1112 3647 1201 3726 sequi,

195 3743 321 3820 primum
342 3743 436 3819 amici,
458 3743 563 3804 deinde
585 3743 732 3822 copiarum
754 3742 851 3817 duces,
872 3741 910 3801 ad
929 3741 1065 3802 ultimum
1084 3741 1201 3804 milites

196 3835 368 3915 Primusque
389 3839 457 3898 Rex
478 3839 601 3900 dolabra
620 3837 744 3918 glaciem
763 3837 954 3914 perfringens,
969 3837 1027 3896 iter
1047 3835 1105 3898 sibi
1125 3836 1201 3898 lecit
