2642 4386
203 406 258 464 194
549 421 688 471 ouium
717 419 856 461 cuarrs

195 567 283 640 negat
299 559 492 622 audiendum.
546 559 624 635 Rex,
639 559 764 622 inhibito
783 564 876 637 patre,
900 558 997 618 dicere
1021 557 1216 618 Hermolaum

199 657 370 737 jubet,quaa
384 657 569 734 exmagistro
580 655 731 716 didicisset
747 653 922 716 Calisthene.
966 654 1009 716 Ht
1025 655 1214 730 Hermolaus,

195 749 330 829 “Utcr,’'
352 752 457 832 inquit,
481 751 649 812 “beneficio
673 758 734 828 tuo,
758 758 789 810 et
813 751 878 808 dico
902 769 970 830 quae
992 751 1110 815 nostris,
1128 751 1214 810 malis

195 847 293 908 didici
324 844 436 919 'Quota
449 865 515 925 para
529 845 723 906 Macedonum
737 845 861 906 saevitiae
874 851 935 905 tuae
948 845 1105 924 superest?
1137 845 1213 916 Quo·

194 949 244 1002 tus
257 943 376 1022 quidem
388 961 447 1002 non
461 961 477 1000 e
491 941 632 1002 vilissimo
653 941 817 1020 sanguine?
868 940 1000 1017 Attalus,
1016 948 1046 1000 et
1068 941 1213 1015 Philotas,

195 1045 225 1098 et
240 1037 404 1113 Parmenio,
419 1044 450 1096 et
465 1036 625 1114 Lyncestes
639 1035 819 1111 Alexander,
834 1042 864 1094 et
879 1035 986 1112 illitus,
1004 1036 1159 1115 'quantum
1175 1036 1214 1096 ad

193 1133 293 1194 hostes
312 1133 451 1212 pertinet,
465 1133 588 1208 vivunt3
610 1138 692 1192 stant
715 1132 745 1191 in
766 1133 836 1207 acie,
852 1139 882 1192 te
903 1131 1014 1210 clypeis
1036 1132 1097 1192 suis
1117 1139 1214 1211 proto·

194 1235 278 1308 gunt,
289 1235 319 1288 et
332 1247 383 1307 pro
397 1228 492 1307 glorit
507 1229 568 1303 sue,
583 1247 636 1306 pro
650 1227 777 1288 victorii
788 1227 909 1287 vulnera
923 1227 1086 1305 accipiunt:
1106 1227 1214 1307 quibus

195 1332 230 1384 tn
244 1325 391 1404 egregiam
405 1324 529 1404 gratiam
543 1321 680 1384 retulisti.
732 1323 821 1382 Alius
836 1343 963 1382 mensam
977 1330 1057 1382 tuam
1072 1324 1214 1402 sanguine

82 1491 85 1498 ,
195 1439 249 1481 suo
264 1421 397 1500 aspersit.
440 1420 578 1480 Aliusne
593 1419 867 1498 ‘simpliciquidem
881 1425 974 1478 morte
989 1418 1143 1478 defunctus
1158 1427 1211 1478 est

196 1513 295 1576 Duces
310 1516 489 1576 exercituum
508 1522 626 1574 tuorum
639 1515 671 1573 in
691 1514 847 1594 equuleum
861 1514 999 1592 imositi,
1015 1514 1125 1591 Persis,
1139 1533 1213 1594 quos

194 1613 334 1686 vicerant,
355 1611 439 1670 fuere
461 1609 635 1690 spectaculo.
683 1609 848 1684 Parmenio,
871 1609 983 1668 indictis
1007 1613 1103 1685 causa,
1125 1610 1212 1670 truci·

196 1706 281 1766 datus
298 1713 352 1780 est,
367 1725 420 1784 per
433 1725 521 1784 quem
534 1703 673 1764 Attalum
687 1705 843 1764 cecideras.
886 1705 1018 1765 Invicem
1032 1706 1109 1766 enim
1128 1706 1213 1765 mise·

194 1819 294 1862 rorum
320 1801 415 1862 uteris
442 1800 576 1861 manibus
603 1799 662 1860 ‘ad
689 1801 854 1878 expetenda
882 1801 1030 1880 supplicia.
1073 1801 1116 1862 Ht
1139 1821 1213 1881 qnos

123 1967 127 1972 ,
194 1895 283 1975 panld
299 1897 366 1955 ante
380 1895 532 1956 ministros
546 1895 635 1956 caedis
655 1895 792 1971 habuisti,
806 1896 904 1956 subito
917 1897 954 1957 ab
968 1897 1034 1956 aliia
1052 1897 1138 1974 jubes
1151 1905 1212 1958 tru·
1298 1922 1301 1928 ι

196 1990 319 2052 cidari.’'
363 1989 547 2070 Obstrepunt
561 1990 667 2050 deinde
682 1990 781 2050 cuncti
796 1991 964 2052 Hermolao.
1008 1992 1100 2052 Pater
1114 2011 1213 2070 supra·

194 2087 278 2152 malm
299 2087 458 2148 strinxerat
470 2087 589 2163 ferrum,
603 2105 796 2165 percussurus
809 2087 887 2146 haud
901 2087 1000 2163 dubia,
1014 2091 1047 2148 nt
1069 2087 1213 2148 inhibitus

196 2189 274 2246 esset
286 2203 305 2244 a
317 2183 418 2262 Rege:
439 2183 547 2263 quippe
563 2183 758 2244 Hermolaum
772 2183 868 2243 dicere
885 2183 991 2262 jussit3
1013 2184 1164 2264 petiitque,
1178 2189 1214 2244 nt

195 2297 297 2341 causas
311 2278 447 2356 supplicii
460 2284 615 2358 augentem
628 2279 775 2357 patienter
788 2277 931 2338 audirent.

255 2378 302 2434 26.
336 2375 430 2452 AEgrd
458 2375 527 2453 ergo
559 2374 704 2449 coercitis,
731 2376 837 2434 rursils
865 2372 1050 2449 Hermolaus,
1083 2376 1100 2408 “
1116 2373 1214 2446 Quam
1316 2341 1317 2386 3

195 2467 380 2544 liberaliter,’¹
395 2469 501 2546 inquit,
516 2469 643 2547 “pueris
662 2468 786 2530 rudibus
810 2469 848 2527 ad
871 2469 1024 2529 dicendum
1045 2489 1130 2548 agere
1150 2489 1213 2548 per·

194 2561 306 2622 mittis!
347 2563 393 2622 At
416 2561 594 2622 (ialisthenis
617 2582 677 2624 vox
698 2582 814 2624 carcere
834 2563 947 2624 inclusa
970 2571 1024 2642 est,
1038 2565 1109 2644 quia
1132 2565 1213 2626 solus

194 2665 292 2738 potest
305 2657 410 2724 dicere.
455 2656 516 2719 Gur
530 2659 607 2718 onim
626 2677 685 2718 non
698 2659 877 2736 producitur,
893 2663 958 2720 edm
979 2661 1068 2720 etiam
1088 2661 1213 2720 confessi

195 2754 377 2816 audiuntur?
427 2753 540 2834 Nempe
565 2753 636 2834 quia
658 2754 781 2816 liberam
803 2773 904 2814 vocem
927 2757 1089 2816 innocentis
1110 2757 1214 2816 audire

145 2901 148 2908 .
195 2853 311 2928 metuis,
326 2871 409 2912 acne
422 2850 536 2912 vultum
549 2850 668 2931 quidem
681 2850 799 2929 pateris.
843 2851 939 2932 Atqui
949 2851 1213 2914 nihilenmfecisae

196 2949 348 3008 contendo.
392 2949 469 3010 Sunt
491 2948 540 3008 hio
562 2947 613 3028 qui
637 2967 751 3008 mecum
771 2965 834 3007 rem
851 2947 1075 3026 pulcherrimam
1088 2949 1213 3030 cogitav-

197 3051 292 3104 erunt
344 3043 439 3104 Nemo
463 3051 518 3120 est,
538 3044 589 3124 qui
615 3043 763 3104 conscium
787 3044 879 3104 fuisse
905 3043 990 3105 nohis
1014 3043 1213 3106 calisthenem

196 3135 283 3212 dicat,
298 3138 367 3196 edm
387 3138 477 3200 morti
496 3139 568 3198 olim
589 3139 754 3200 destinatus
775 3138 816 3200 sit
829 3159 846 3197 e
860 3139 869 3167 ⁰
876 3139 1042 3217 justissimo
1057 3146 1088 3198 et
1101 3139 1213 3217 patien-

196 3231 310 3292 tissimo
324 3231 416 3310 Rege.
458 3233 553 3293 'Haec
568 3251 637 3314 ergo
648 3241 717 3294 sunt
738 3233 931 3296 Macedonum
945 3233 1072 3312 praemia,
1087 3251 1212 3314 quorum

120 3353 124 3360 ¹
196 3333 231 3386 nt
245 3343 425 3406 supervacuo
440 3333 471 3386 et
483 3327 602 3388 sordido
614 3329 745 3390 abuteris
759 3328 920 3408 sanguinei
962 3329 1007 3388 At
1020 3328 1076 3388 tibi
1090 3327 1214 3407 triginta

197 3422 292 3484 millia
315 3419 462 3482 mulorum
484 3421 633 3500 captivum
657 3443 760 3484 aurum
783 3423 903 3498 vehunt,
918 3424 987 3482 edm
1009 3421 1118 3482 militas
1137 3421 1214 3482 nihil

198 3518 315 3579 domurn
328 3523 434 3596 preater
448 3515 612 3596 ⁸gratnitas
623 3517 771 3578 cicatrices
781 3517 904 3579 relaturi
918 3518 985 3578 sint
1028 3517 1102 3589 Quae
1115 3524 1214 3578 tamen
1239 3551 1241 3556 ,

198 3613 297 3674 emnia
309 3611 435 3676 tolerare
453 3611 612 3690 potuimus,
625 3619 780 3691 antequam
800 3631 853 3672 nos
874 3612 1016 3674 Barbaria
1037 3612 1168 3686 dederes,
1182 3617 1217 3672 et

200 3709 292 3769 'noro
305 3727 385 3770 more
399 3707 527 3770 victores
541 3707 712 3786 subjugum
725 3706 865 3768 mitteres
908 3707 1068 3768 Persarum
1082 3707 1216 3768 teneatis

137 3878 143 3887 ι
198 3807 230 3862 et
253 3803 409 3881 disciplina
432 3803 569 3878 delectat,
594 3801 705 3882 patrios
727 3821 822 3864 moras
846 3821 952 3864 exosus
971 3821 1011 3862 es.
1055 3803 1217 3866 Persarum

198 3896 279 3971 ergo,
292 3911 351 3956 non
365 3897 560 3958 Macedonum
575 3898 689 3979 Regem
702 3898 834 3958 occidero
845 3897 1011 3972 soluimus:
1032 3904 1064 3955 et
1077 3904 1107 3956 te
1121 3903 1220 3986 trane:

1313 3128 1317 3344 l
