2642 4386
157 329 214 392 184
503 341 644 394 ocrurr
674 341 814 384 enarrr

152 507 205 566 pro
227 485 345 546 absente
366 482 516 562 transegit.
568 481 750 560 Spitamenes
770 479 872 540 uxoris
892 475 1046 540 immodici
1070 493 1169 543 amere

152 581 308 660 flagrabat3
330 599 417 658 quam
430 579 508 658 aegrc
534 579 634 657 fugam
648 585 679 636 et
701 596 777 636 nova
799 574 922 636 subinde
935 573 1024 634 exilia
1043 573 1168 634 toleran-

152 683 211 734 tem
235 675 265 732 in
287 693 371 734 omno
395 673 548 732 discrimen
573 673 707 732 comitem
730 671 871 732 trahebat.
914 669 983 743 Illa,
1005 669 1088 728 malis
1102 669 1168 730 fati·

150 777 228 850 geta,
256 768 418 828 identidem
443 768 600 828 muliebres
628 767 765 826 adhibere
791 763 959 838 blanditias,
987 771 1022 824 ut
1049 763 1167 824 tandem

151 865 250 944 fugem
273 863 400 937 sisteret,
423 863 599 941 victorisque
621 861 785 922 Alexandri
807 859 991 920 clementiam
1018 866 1167 936 expertus,

151 959 279 1038 placaret
291 978 377 1038 quem
401 957 527 1035 effugere
552 975 610 1016 non
631 963 738 1036 posset.
782 956 856 1016 Tres
870 954 964 1014 adulti
984 961 1068 1014 erant
1081 954 1168 1016 liberi

152 1073 189 1114 ex
203 1073 236 1114 ec
249 1053 357 1132 geniti:
378 1071 451 1131 quos
476 1053 545 1110 crim
566 1051 678 1129 pectori
696 1051 789 1129 patris
808 1050 993 1125 admovisset,
1007 1057 1042 1108 ut
1063 1049 1167 1111 saltem

152 1169 252 1208 eorum
275 1147 404 1208 misereri
429 1147 525 1222 vellet,
550 1146 660 1208 orabat.
702 1146 766 1206 'Et
789 1146 847 1226 qud
871 1145 1042 1206 efficaciores
1069 1151 1168 1204 essent

151 1263 259 1322 preces,
284 1243 363 1304 haud
383 1242 484 1322 procul
506 1249 569 1302 erat
588 1241 773 1302 Alexander.
823 1240 902 1300 'Ille
930 1259 962 1300 se
988 1239 1082 1318 prodi,
1109 1259 1168 1303 non

152 1341 264 1400 moneri
286 1347 376 1414 ratus,
401 1345 431 1398 et
457 1339 557 1398 formae
579 1337 711 1416 profecti>
734 1335 840 1396 fiduciei
864 1355 968 1414 cupere
988 1355 1052 1396 eam
1070 1355 1167 1414 quam·

152 1433 280 1512 primrim
301 1433 368 1494 dedi
389 1431 568 1506 Alexandro,
583 1432 742 1514 acinacem?
749 1429 877 1504 strinxit,
891 1449 1082 1506 percussurus
1098 1449 1167 1490 uxe-

152 1547 224 1603 rem,
238 1528 295 1588 nisi
318 1527 482 1606 prohibitus
507 1534 584 1586 esset
606 1527 731 1586 fratrum
754 1527 816 1602 ejus
838 1543 967 1587 occursu.
1022 1524 1168 1587 tauram

153 1623 233 1682 abire
257 1629 414 1700 conspectu
434 1622 528 1699 jubet,
544 1621 644 1680 addito
667 1628 748 1680 metu
768 1621 880 1696 mortis,
896 1621 922 1680 si
944 1639 975 1678 se
997 1621 1089 1682 oculis
1103 1623 1168 1697 ejus

153 1716 324 1791 obtulisset;
347 1724 378 1774 et
402 1716 439 1774 ad
462 1715 639 1775 desiderium
660 1715 816 1775 levandum
836 1723 937 1776 noctes
959 1715 1168 1792 interpelliees

153 1830 237 1890 agere
251 1811 344 1887 eoepit.
401 1811 460 1872 Sed
474 1811 593 1888 penitrls
607 1810 719 1872 haerens
733 1831 813 1871 amor
826 1811 966 1872 ‘fastidio
979 1812 1168 1890 praesentium

153 1923 287 1968 aecensus
302 1912 355 1964 est.
398 1905 503 1985 Itaque
517 1925 619 1966 rursus
633 1906 684 1964 uni
695 1906 722 1966 ei
737 1907 864 1982 deditus,
875 1927 957 1966 orare
971 1926 1028 1966 non
1043 1907 1168 1984 destitit,

152 2007 186 2060 ut
200 2000 252 2058 tali
266 2000 385 2060 oonsilio
408 2000 576 2075 abstineret,
590 2008 798 2081 patereturque
823 2008 941 2076 sertem,
955 2021 1167 2080 quemeumque

153 2095 194 2156 eis
218 2095 335 2156 fortuna
364 2095 497 2156 fecisset:
528 2096 584 2156 ribi
611 2102 733 2156 mortem
756 2096 903 2156 deditione
930 2115 992 2156 csse
1019 2097 1165 2158 leviorem.

153 2191 261 2252 Atilia
283 2212 407 2272 purgare
430 2211 469 2268 se,
484 2192 582 2272 *quod
595 2211 661 2272 quae
674 2191 761 2252 utilia
781 2211 843 2252 esse
864 2193 1007 2269 censebat,
1021 2193 1165 2256 muliebri·

155 2307 198 2346 aer
212 2288 343 2364 forsitan,
357 2287 409 2346 sed
423 2287 482 2348 fida
500 2296 597 2348 tamen
610 2296 704 2346 mente
719 2287 878 2350 suasisset:
899 2287 957 2348 'de
971 2295 1076 2348 eastern
1090 2289 1167 2348 tintu-

152 2401 214 2440 ram
228 2383 259 2440 in
272 2382 329 2441 viri
341 2390 494 2460 potestate.

216 2481 258 2534 13.
282 2476 466 2553 Spitamenes
488 2476 623 2536 simulat-o
648 2483 751 2553 eaptus
773 2477 911 2556 obsequio
925 2477 979 2537 ⁷dc
1003 2478 1050 2538 die
1073 2480 1166 2540 eonvi-

152 2570 232 2630 vium
246 2570 378 2648 apparari
388 2569 492 2645 jubet:
513 2570 638 2648 vinoque
653 2577 683 2628 et
697 2570 790 2646 epulis
809 2573 917 2650 gravis,
931 2574 1120 2634 semisomnus
1135 2575 1166 2634 in

152 2663 317 2726 cubiculum
338 2664 440 2722 fertur.
484 2661 576 2732 Quem
598 2671 632 2720 ut
654 2663 731 2724 ⁸alto
754 2671 784 2724 et
805 2667 889 2741 gravi
911 2686 1010 2728 somno
1038 2669 1165 2747 sopitum

153 2777 217 2820 esse
240 2759 331 2820 sensit
352 2778 434 2834 uxor,
456 2757 594 2838 gladium,
608 2777 694 2836 quem
707 2765 788 2818 veste
809 2759 1014 2836 occultaverat,
1029 2765 1163 2842 stringit,

153 2863 297 2934 caputque
321 2857 384 2932 ejus
405 2853 564 2914 abscissum
586 2871 688 2912 eruore
711 2872 844 2932 respersa
867 2873 950 2916 servo
972 2877 1025 2918 suo
1053 2860 1165 2921 conseia

152 2950 288 3010 faeinoris
303 2950 403 3010 tradit.
455 2948 567 3008 Eodem
589 2949 744 3010 comitante
759 2949 848 3026 (sicut
862 2960 926 3011 erat
939 2932 1061 3014 eruenta
1074 2957 1165 3034 veste)

154 3043 184 3104 in
199 3044 391 3104 Macedonum
405 3052 502 3104 eastra
523 3044 664 3122 pervenit,
679 3046 867 3126 nunciariquo
881 3049 1051 3112 Alexandro
1070 3051 1165 3126 jubet,

155 3157 226 3214 esse,
240 3160 304 3218 quaa
318 3159 354 3198 ex
368 3140 433 3216 ipsa
448 3140 566 3198 deberet
579 3159 742 3218 agnoscere.
785 3141 843 3203 Ille
857 3144 989 3221 protinus
1003 3143 1165 3205 Barbarum

161 3236 250 3312 jussit
273 3233 398 3294 admitti.
442 3235 536 3305 Quam
559 3244 594 3294 ut
619 3255 766 3314 aspersam
788 3256 889 3296 eruore
909 3237 1066 3313 conspexit,
1082 3245 1165 3300 ratus

154 3331 191 3390 ad
205 3329 409 3408 deplorandam
423 3331 626 3390 contumeliam
639 3332 762 3406 venisse,
774 3333 869 3391 dicere
881 3351 946 3410 quas
958 3331 1057 3408 vellet,
1069 3333 1163 3410 jubet

153 3427 198 3486 At
221 3425 281 3498 illa,
296 3443 410 3485 servum
434 3445 521 3504 quem
542 3434 621 3486 staro
642 3427 672 3484 in
694 3426 838 3486 vestibulo
856 3427 996 3502 jusserat,
1018 3427 1165 3488 introduci

153 3520 335 3579 desideravit.
380 3518 446 3595 Qui,
461 3520 529 3599 quia
553 3528 640 3598 eaput
665 3519 841 3598 Spitamenis
854 3527 936 3580 veste
957 3528 1067 3582 tectum
1081 3521 1162 3584 habe

153 3615 212 3688 bet,
236 3623 396 3693 suspectus,
419 3615 615 3676 scrutantibus
639 3615 710 3694 quid
734 3614 888 3692 occuleret,
913 3618 1049 3678 ostendit.
1093 3616 1155 3677 (ion
1241 3672 1251 3682 ,

151 3707 267 3766 fuderat
281 3710 340 3768 oris
363 3711 514 3787 exsanguis
537 3718 621 3770 notas
645 3709 748 3786 pallor,
761 3729 816 3768 nec
830 3711 896 3790 quis
910 3720 987 3772 esset
1000 3711 1080 3770 nosei
1094 3711 1164 3770 satis

151 3807 273 3876 poterat.
327 3803 406 3880 Eirgd
431 3804 498 3864 Rex
521 3807 628 3864 certior
650 3807 745 3866 faetus
769 3806 926 3869 humanum
948 3814 1036 3886 caput
1061 3807 1163 3872 afferte
