2600 4394
427 381 549 422 ninus
576 379 637 420 111.
658 373 754 422 'orm
786 379 878 420 v111
1126 357 1161 416 le

152 527 250 600 utpote
272 518 414 595 innoxius,
435 519 474 578 ad
497 518 697 580 Alexandrum
718 537 792 597 sepo
815 516 926 578 desem
947 514 1089 578 movit:
1110 511 1163 574 sed

152 619 218 675 olun
229 623 275 675 tot
294 617 370 675 euris
387 622 583 708 apparatuque
601 613 671 675 belli
691 615 803 693 Regem
814 612 926 673 rideret
944 587 1050 690 urgeri,
1064 609 1162 688 aptius

154 712 254 770 deinde
276 718 389 789 tempus
410 705 587 788 exspeotans,
609 709 798 787 suspicionem
824 707 890 766 initi
912 707 1025 766 seelesti
1048 704 1164 766 oonsilii

152 807 280 884 praebuit,
323 805 456 886 Namque
470 805 600 884 epistole,
613 805 782 884 priusquam
792 823 820 863 er
811 802 1027 875 redderetur,'
1018 821 1050 860 m
1062 819 1162 860 manus

153 901 311 962 Alexandri
324 907 501 978 perseueret,
515 901 675 979 lentumque
688 919 751 958 eum
770 898 862 981 ignoti
882 897 981 958 annuli
1001 897 1098 978 sigillo
1111 896 1162 956 irn-

152 1017 256 1075 presso,
282 996 371 1058 Sisini
398 996 462 1056 dari
485 997 620 1073 jusserat,
644 995 682 1054 ad
707 993 907 1056 mstimsndem
931 993 1017 1054 fidem
1036 992 1162 1054 barbu'a

153 1091 217 1167 Qui,
238 1093 306 1171 quia
328 1109 380 1170 per
406 1090 563 1168 oomplures
590 1091 652 1150 dies
679 1109 737 1150 non
757 1089 869 1148 sdierat
896 1088 1015 1168 Regem,
1041 1088 1163 1148 soelerto

152 1187 268 1246 oonsilio
282 1207 346 1245 eam
355 1187 437 1246 visus
450 1193 495 1245 est
505 1185 711 1264 suppressisse3
733 1186 808 1244 etin
818 1183 931 1264 agmine
941 1203 959 1242 e
968 1182 1162 1258 Cretensibus,

152 1282 227 1341 hand
241 1282 328 1343 dubie
340 1284 425 1358 jussu
437 1281 536 1360 Regis,
550 1281 660 1340 oooisus
674 1287 727 1340 est.

215 1377 312 1436 VIII.
339 1380 383 1434 18.
406 1376 428 1434 J
430 1397 477 1434 am
491 1375 588 1435 Greeoi
607 1375 725 1448 milites,
738 1393 811 1454 quos
825 1373 992 1452 Thymodes
1006 1393 1024 1432 a
1037 1373 1164 1432 Pharna·

153 1471 223 1532 bezo
248 1477 406 1547 aooeperat,
419 1471 565 1547 praecipua
587 1489 662 1548 spes,
677 1477 708 1528 et
720 1469 928 1548 propemodum
949 1469 1043 1543 unioa,
1058 1469 1095 1527 ud
1109 1469 1164 1528 Da·

152 1567 229 1625 rium
242 1573 442 1643 peruenerant.
485 1565 529 1624 Hi
543 1585 716 1644 magnopere
736 1565 905 1640 suadebant,
920 1571 955 1623 ut
968 1571 1047 1624 retro
1061 1563 1164 1640 abiret,

155 1661 370 1738 'spatiososque
381 1659 600 1738 Mesopotamiae
611 1679 726 1738 campos
736 1665 888 1738 repeteret.
932 1659 964 1720 Si
973 1659 1004 1718 id
1013 1659 1165 1719 eonsilium

153 1755 311 1830 damnaret,
326 1761 357 1814 et
371 1755 423 1814 ille
446 1755 590 1815 divideret
612 1755 716 1814 seltem
738 1755 836 1834 copias
860 1755 1093 1829 innumerabiles,
1107 1774 1165 1813 neu

153 1851 207 1910 snb
220 1869 311 1908 unum
330 1850 454 1909 fortunae
467 1851 559 1908 lotum
582 1857 660 1908 totas
673 1850 751 1910 uires
774 1850 857 1929 regui
881 1849 984 1910 rudere
1007 1857 1163 1928 pateretur.

154 1945 255 2004 Miude
268 1945 322 2004 hoo
335 1945 487 2004 eonsilium
502 1945 586 2022 Regi,
601 1945 690 2023 quiam
709 1945 877 2023 purpuratis
891 1948 955 2024 ejus
976 1945 1164 2024 displicebat:

153 2041 163 2069 ¹
174 2044 191 2074 “
198 2041 366 2118 Anoipitem
374 2041 470 2115 fidem,
482 2048 511 2098 et
521 2041 651 2099 mercede
661 2041 792 2100 uenalem
801 2040 995 2118 proditionem
1005 2041 1165 2114 imminere,

153 2142 184 2194 et
200 2135 291 2194 dividi
313 2154 371 2194 non
393 2135 430 2194 ob
451 2135 533 2193 aliud
557 2135 654 2211 copias
667 2135 751 2208 velle,
765 2137 854 2212 quim
867 2143 902 2192 ut
921 2135 978 2211 ipsi
998 2136 1030 2194 in
1052 2136 1167 2196 diuerso

154 2229 289 2308 digressi,
301 2228 408 2307 siquid
418 2229 601 2287 commissum
612 2235 688 2286 esset
700 2229 850 2287 traderent
860 2228 1040 2288 Alexandro.
1082 2231 1167 2290 Nihil

153 2325 249 2382 tutius
263 2323 334 2397 fore,
345 2321 432 2401 quim
445 2321 637 2380 oiroumdatos
651 2339 700 2380 eos
714 2321 846 2381 exeruitu
859 2329 923 2380 toto
933 2322 1018 2382 obrui
1032 2323 1108 2399 telis,
1120 2325 1166 2384 do·

153 2424 321 2476 rumentum
334 2436 393 2476 nou
414 2416 518 2476 inultae
539 2416 669 2494 perfidiae
682 2417 845 2490 futuros&
867 2417 912 2476 At
926 2417 1041 2493 Darius,
1055 2426 1090 2477 ut
1104 2428 1167 2480 erat

153 2520 271 2571 sanutus
280 2519 311 2571 et
319 2511 407 2586 mitis,
417 2515 434 2545 “
442 2512 547 2571 severd
556 2518 669 2570 tantum
677 2513 809 2570 farinus’'
817 2520 906 2592 negat
914 2517 931 2547 “
939 2533 1001 2572 esse
1009 2515 1165 2591 fauturum,

153 2615 189 2665 ιιι
203 2627 283 2666 suam
298 2614 412 2666 seoutos
425 2607 520 2681 fidem,
532 2625 599 2666 suos
609 2607 728 2682 milites,
740 2607 844 2684 jubeat
858 2609 1007 2668 truoidari.
1051 2610 1166 2682 'Quam

154 2701 259 2762 deinde
273 2703 399 2780 amplids
412 2703 562 2761 nationum
577 2709 743 2772 exterarum
757 2703 881 2764 salutem
896 2723 977 2762 susm
991 2706 1166 2765 credituram

153 2798 220 2872 sibi,
235 2799 260 2857 si
274 2805 320 2856 tot
338 2799 467 2856 militum
488 2798 627 2876 sanguiue
649 2798 804 2858 imbuisset
825 2799 951 2858 manus?
990 2799 1166 2860 ‘Neminem

154 2893 295 2951 stolidum
316 2892 468 2952 eonsilium
489 2893 584 2970 eapite
606 2892 687 2952 luere
710 2893 824 2952 dehere.
868 2893 1028 2954 Defuturos
1042 2914 1100 2971 eos,
1114 2898 1165 2976 qui

82 3065 85 3071 Ι
154 2988 354 3062 suadereutf
331 3007 357 3047 ει
368 3007 492 3046 snesrrse
501 2987 661 3066 perieulum
673 2997 758 3048 esset.
809 2987 959 3068 Deuiqne'
951 3011 1028 3068 ipsos
1037 2993 1166 3070 quotrdre

154 3084 192 3142 nd
214 3103 245 3142 so
267 3083 367 3143 uoouri
389 3083 420 3140 in
442 3083 603 3158 eonsilium,
617 3083 770 3163 variasque
793 3085 952 3144 sententias
974 3087 1105 3179 dicere,
1113 3109 1166 3146 neo

153 3186 252 3237 temen
266 3179 395 3238 melioris
409 3178 477 3238 fidei
491 3177 600 3252 haberi,
614 3199 665 3257 qur
656 3179 853 3257 'prudentius
868 3182 1017 3241 suaserint.
1060 3183 1166 3262 Itaque

154 3273 267 3334 Graecis
285 3272 417 3334 nuuoiari
437 3273 531 3351 jubet,
545 3273 664 3351 “ipsum
683 3275 801 3354 quidem
820 3276 1029 3338 beneuolentiae
1050 3277 1166 3336 illorum·

151 3370 263 3447 gratias
274 3389 374 3448 agere,
390 3369 577 3443 caeterumsi
587 3373 688 3430 retro
679 3391 722 3430 ire
735 3377 839 3450 pergat
852 3371 931 3430 haud
942 3373 1031 3432 dubid
1045 3391 1165 3449 reguum

151 3465 289 3524 hostibus
302 3465 486 3524 traditurum.
527 3463 639 3524 ‘Fami
650 3465 728 3527 bella
742 3474 834 3543 sture;
858 3473 889 3526 et
901 3487 968 3526 eum
981 3467 1032 3543 qui
1042 3465 1164 3542 recedat,

151 3561 256 3638 fugere
277 3560 364 3620 oredi.
408 3559 555 3619 Trahendi
567 3563 636 3621 uerd
657 3562 729 3622 belli
742 3563 794 3622 vix
816 3561 906 3620 ullam
928 3579 991 3618 esse
1015 3559 1163 3620 rationem.

153 3654 260 3715 'I’antae
281 3655 359 3714 enim
380 3655 572 3730 multitudini,
586 3657 689 3736 utique
703 3661 767 3716 oiim
784 3660 846 3734 jam
865 3657 966 3730 hyems
989 3654 1121 3732 instaret,
1135 3659 1166 3716 in

151 3751 273 3828 regione
286 3753 380 3826 vaste,
392 3758 423 3810 et
435 3751 559 3812 invioem
573 3753 663 3811 asnis
677 3760 763 3831 etque
776 3751 859 3808 hoste
873 3751 989 3824 vexate,
1000 3770 1056 3810 uon
1068 3754 1165 3812 suffen·

74 3879 84 3888 ·
152 3851 222 3906 tura
236 3845 379 3906 alimenta.
423 3846 452 3906 N
455 3867 470 3906 o
485 3843 578 3908 dividi
592 3847 711 3925 quidem
731 3845 829 3921 eopias
849 3863 943 3922 posse,
958 3854 1073 3908 servato
1087 3867 1166 3906 more
