2520 4390
157 324 196 382 86
505 337 644 389 curuos
672 335 813 378 curru

158 479 219 540 Hic
232 477 368 540 Abulites
388 495 452 536 com
472 475 556 536 donis
576 475 683 556 regalis
699 473 855 554 opulentiae
874 479 1007 534 occurrit.
1050 473 1176 533 Droma-

158 575 209 634 des
235 572 336 632 cameli
362 571 438 632 inter
465 572 539 632 dona
562 579 654 646 mant,
681 571 845 631 velocitatis
866 570 997 630 eximia:
1018 568 1176 628 duodecim

159 667 314 745 Elephanti
328 687 345 726 a
358 667 448 727 Dario
461 686 498 726 ex
520 667 608 726 India
622 665 722 743 acciti3
744 685 802 726 non
822 668 884 743 jam
902 672 996 724 terror
1010 665 1056 742 (ut
1076 684 1175 742 spera·

159 767 272 844 verant)
300 763 496 839 Macedonum,
524 763 575 822 sed
601 762 759 839 auxilium3
790 781 857 839 opes
879 761 952 821 victi
975 759 1175 824 eductorem

160 859 347 920 transferente
373 859 499 918 fortune„
540 859 584 920 Ut
606 859 675 918 verb
696 858 796 918 urbem
822 857 951 932 intravit,
972 855 1176 917 incredibilem

159 973 196 1016 ax
216 955 360 1014 thesauris
381 971 521 1014 summam
546 953 676 1030 pecunias
702 952 817 1031 egessit,
841 951 1051 1030 quinquaginta
1078 952 1176 1010 millia

158 1048 302 1108 tulcntum
328 1048 449 1127 argenti,
475 1049 552 1106 'non
584 1047 689 1127 signati
722 1047 825 1121 forma,
854 1047 904 1106 sed
937 1047 1005 1105 rudi
1037 1046 1175 1122 pondera

160 1143 250 1204 Multi
272 1145 369 1222 Reges
392 1150 490 1203 tantas
511 1161 580 1220 opes
600 1143 688 1222 leuga
709 1150 796 1204 aetate
818 1143 1033 1200 cumulaverant
1060 1141 1176 1216 liboris,

159 1239 345 1318 posterisque,
358 1246 392 1297 ut
412 1238 642 1315 arbitrabantur3
664 1257 735 1316 quas
755 1257 813 1296 una
825 1238 896 1296 hora
910 1237 940 1294 in
953 1237 1067 1295 externi
1080 1237 1177 1316 Regis

159 1354 262 1396 manus
283 1335 391 1394 intulit
432 1333 571 1396 (lonsodit
592 1335 695 1394 deinde
716 1334 748 1392 11
769 1335 848 1413 regiai
872 1333 954 1408 sella,
975 1333 1069 1390 multd
1084 1333 1177 1392 excel·

161 1431 244 1506 aiore,
268 1433 356 1510 quim
377 1450 429 1508 pro
453 1431 554 1490 habitu
576 1429 709 1508 corporis.
750 1427 855 1507 Itaque
881 1429 950 1486 culm
971 1427 1061 1504 pedes
1085 1428 1178 1486 imum

160 1527 281 1604 gradum
302 1545 360 1584 non
379 1527 586 1604 contingerent,
600 1545 674 1584 unus
689 1545 725 1584 ex
738 1524 828 1604 Regis
849 1524 946 1602 pueris
966 1542 1096 1581 mensam
1111 1524 1177 1584 sub

162 1620 238 1680 didit
259 1621 396 1697 pedibus;
419 1629 449 1678 et
472 1624 540 1679 otlm
563 1621 725 1697 spadonem,
739 1620 789 1699 qui
812 1619 895 1678 Darii
916 1619 1019 1692 fuerat,
1039 1619 1177 1698 ingemis-

162 1720 273 1772 centem
295 1715 489 1791 conspexisset
513 1715 588 1789 Rex,
608 1733 723 1772 causam
746 1714 890 1774 moestitia
916 1713 1074 1792 requisivit.
1120 1713 1178 1772 Ille

161 1806 280 1882 iudicat,
294 1807 414 1866 Darium
427 1809 505 1868 vesci
527 1808 559 1866 in
579 1813 614 1866 eat
635 1808 771 1870 solitum:
792 1827 879 1888 seque
892 1827 1002 1868 sacram
1022 1809 1085 1884 ejus
1099 1828 1176 1867 men-

162 1923 224 1964 sam
247 1903 284 1960 ed
307 1901 466 1962 ludibrium
489 1903 663 1962 recidentem
690 1905 751 1964 sine
780 1903 915 1982 lacrymis
934 1903 1099 1980 conspicere
1119 1923 1177 1963 non

162 2015 254 2077 posse.
310 1997 406 2060 Subiit
433 2004 502 2078 ergb
526 2000 641 2080 ,Regem
667 1999 836 2060 verecundia
862 1998 990 2060 violandi
1016 1999 1176 2076 hospitales

163 2093 249 2154 Deos.
291 2093 413 2174 Jamque
440 2094 560 2154 subduci
584 2094 715 2172 jubebat,
743 2097 810 2152 crlm
837 2095 990 2154 Philotas:
1023 2093 1176 2154 “Minime

163 2190 231 2251 verb
245 2189 306 2250 hoec
319 2189 433 2266 feceris,
448 2189 523 2266 Rex,
541 2189 591 2250 sod
611 2209 693 2250 omen
712 2208 823 2268 queque
846 2188 959 2267 accipe:
980 2207 1118 2265 mensam,
1142 2209 1178 2250 ex

163 2291 222 2366 qua
235 2286 339 2347 libavit
352 2285 444 2346 hostis
457 2285 564 2365 epulas,
578 2287 637 2346 tuis
650 2285 771 2364 pedibus
784 2303 846 2343 esse
859 2285 1043 2362 subjectam‘

223 2385 250 2446 9,
273 2383 346 2455 Rex,
375 2382 506 2442 Persidis
530 2383 601 2440 finos
627 2381 768 2454 aditurus,
797 2379 995 2458 Susa-urbem
1021 2378 1177 2454 Archelao,

164 2482 195 2534 et
217 2475 383 2550 praesidium
406 2475 495 2532 trium
516 2475 639 2534 millium
659 2475 790 2535 tradidit.
832 2473 997 2552 Xenophilo
1011 2473 1088 2533 areis
1108 2493 1178 2534 cura
1250 2539 1251 2560 ,

164 2569 299 2628 mandata
326 2575 392 2644 est3
424 2567 614 2628 Macedonum
640 2575 726 2628 aetate
751 2571 887 2650 gravibus
917 2569 1072 2648 praesidoro
1101 2570 1177 2630 arcis
1250 2603 1251 2614 ,

165 2663 304 2724 custodies
335 2663 431 2740 jussis.
486 2663 698 2723 Thesaurorum
730 2665 880 2726 Callicrati
902 2665 995 2724 tutela
1027 2665 1176 2744 permissu
1250 2681 1251 2704 ³

167 2759 299 2839 Satrapia
312 2758 436 2838 regionis
451 2757 582 2819 Susianae
604 2759 738 2818 restituta
757 2759 883 2821 Abuliti
924 2760 1051 2820 Matrem
1063 2779 1178 2840 quoque

164 2855 249 2916 Darii
270 2863 301 2916 ot
324 2856 430 2917 liberos
451 2855 482 2914 in
505 2854 606 2914 eidem
625 2856 697 2916 urbo
720 2855 846 2934 deponit.
887 2855 934 2914 Ac
953 2855 1030 2915 forto
1044 2855 1178 2916 Macedo·

165 2951 244 3008 nicas
270 2959 373 3026 vestes,
400 2953 577 3032 multamque
602 2971 758 3030 purpuram
779 2950 852 3010 dono
873 2970 909 3010 ox
929 2949 1100 3010 Macedonia.
1123 2952 1179 3014 sibi

167 3043 291 3120 missam,
305 3065 369 3106 cum
382 3047 438 3121 his,
452 3067 517 3126 quae
530 3067 593 3106 sem
606 3047 795 3121 confecerant,
809 3045 887 3106 tradi
907 3045 1070 3126 Sisygambi
1080 3048 1179 3124 jussit,

166 3139 254 3215 (omni
278 3158 400 3218 nemque
422 3141 528 3202 honore
549 3161 621 3218 eam,
649 3148 679 3200 11
698 3140 753 3200 filii
766 3159 877 3221 quoqne
897 3141 1008 3220 pietate
1028 3161 1180 3221 proseque-

165 3234 272 3312 estorp
297 3233 507 3314 admonerique,
535 3243 570 3296 ut
597 3237 623 3297 si
646 3235 727 3297 cordi
754 3255 866 3316 quoque
888 3237 979 3296 vestis
1001 3243 1086 3311 esset,
1115 3257 1180 3296 con·

165 3329 247 3388 ficere
270 3347 334 3388 eam
357 3336 457 3406 neptes
480 3350 547 3390 suas
569 3333 768 3408 assuefaceret,
791 3331 940 3412 ε11111111
967 3332 1082 3392 doceret
1100 3331 1179 3392 dare.

165 3423 216 3484 Ad
229 3423 302 3484 hanc
314 3443 411 3484 vocem
431 3423 567 3502 lacrymas
579 3425 689 3486 obortae
707 3425 859 3504 prodidere
879 3426 1007 3486 animum
1027 3445 1180 3503 aspernan-

166 3520 206 3580 tis
228 3521 260 3580 id
282 3539 404 3581 munus:
425 3521 532 3599 quippe
545 3539 604 3580 nou
627 3521 709 3582 aliud
729 3523 822 3602 magis
842 3522 874 3580 in
893 3521 1095 3582 contumeliam
1109 3521 1180 3581 Per-

165 3633 262 3674 sarum
275 3615 400 3678 fcominao
413 3613 564 3693 accipiunt,
577 3617 663 3694 quim
683 3617 834 3678 admovere
854 3616 929 3676 laum
947 3635 1055 3677 111111.
1098 3617 1181 3676 Nun-

166 3709 253 3784 ciant,
267 3711 317 3788 qni
338 3711 413 3772 dona
433 3712 570 3786 tulerant,
585 3711 702 3772 tristem
724 3731 787 3772 esse
800 3712 1012 3791 Sisygambim3
1035 3711 1180 3792 dignaque

166 3821 212 3862 res
234 3807 414 3866 excusatione
438 3816 469 3868 et
492 3807 594 3868 solatio
608 3807 677 3870 visa
719 3808 787 3886 Ipse
808 3809 877 3888 ergd
898 3808 1028 3886 pervenit
1048 3807 1179 3882 adeam,
