2520 4390
334 364 457 404 uranu
488 365 539 404 vr.
571 363 657 404 car.
689 365 713 404 1.
974 345 1025 402 111

16 503 190 582 excipiebat,
204 503 342 580 'corpore
356 503 413 561 alia
426 502 545 577 vitabat,
556 503 648 562 donec
660 501 746 560 basta.
764 501 876 561 femore
889 501 1027 579 perfossa,

16 599 141 677 plurimo
156 597 296 676 sanguine
311 599 409 671 effuso,
424 597 583 656 destituere
605 604 788 676 pugnantem.
832 597 912 676 Ergo
927 597 1028 674 clypeo

17 714 68 752 suo
84 701 238 770 exceptum
251 693 385 771 armigeri
396 696 504 770 raptim
514 693 544 750 in
553 699 649 750 castra
658 691 829 768 referebant,
840 691 1029 768 jactationem

16 789 171 846 vulnerum
183 787 260 846 haud
273 787 357 846 facile
369 788 552 846 tolerantem.

79 888 106 940 2.
130 883 196 941 Non
209 889 305 942 tamen
328 883 452 941 omisere
475 881 688 942 Lacedaemonii
711 901 853 962 pugnam
876 889 906 940 et
925 888 960 940 ut
973 880 1030 959 pri·

17 978 102 1034 mrim
125 977 189 1051 sibi,
213 979 301 1054 quam
326 977 405 1035 hosti
429 976 603 1054 ‘aequiorem
627 977 723 1036 locum
738 997 839 1054 capere
858 981 1027 1054 potuerunt,

19 1073 145 1131 densatis
172 1073 322 1132 ordinibus
357 1073 450 1148 effusi,
477 1074 615 1132 fluentem
642 1073 672 1131 in
700 1093 730 1132 se
758 1074 850 1132 aciem
879 1080 1027 1150 excepere.

16 1169 25 1194 ⁵
37 1168 66 1226 N
68 1189 105 1226 on
126 1169 209 1226 aliud
229 1169 385 1226 discrimen
399 1168 598 1227 vehementius
619 1167 709 1226 fuisse
722 1169 868 1227 memoriae
881 1168 1046 1245 proditum,

16 1271 68 1321 est.
112 1263 245 1322 Duarum
268 1263 513 1324 nobilissimarum
540 1263 618 1324 bello
641 1263 772 1342 gentium
796 1265 939 1322 exercitus
966 1263 1030 1339 pari

16 1365 110 1416 marte
134 1357 311 1436 pugnabant.
366 1355 583 1416 Lacedaemonii
614 1363 723 1430 vetera,
752 1356 926 1414 Macedones
959 1375 1030 1432 prae·

16 1453 113 1510 sentia
128 1452 233 1509 decora
245 1450 441 1510 intuebantur.
484 1449 537 1509 Illi
560 1470 613 1527 pro
632 1451 776 1526 libertate,
790 1451 821 1509 hi
840 1469 893 1527 pro
907 1449 1030 1508 domine·

16 1547 100 1603 tione
133 1545 319 1622 pugnabant:
356 1543 582 1604 Lacedaemoniis
616 1544 685 1619 dux,
714 1543 921 1604 Macedonibus
952 1544 1032 1602 locus

16 1639 130 1698 deerat.
173 1639 241 1726 Diei
255 1657 367 1718 quoque
380 1640 466 1697 unius
481 1646 541 1696 tam
559 1639 635 1698 mult
623 1639 714 1716 tiplex
735 1659 828 1713 casus,
843 1639 928 1698 modo
942 1657 1030 1716 spem,

16 1735 104 1792 modo
128 1741 238 1792 metum
261 1734 412 1814 utriusque
436 1715 529 1812 partis
553 1735 690 1812 augebat:
722 1735 804 1794 velut
828 1733 864 1793 de
885 1735 1009 1792 indust
973 1739 1031 1792 trra

16 1831 94 1886 inter
107 1828 323 1887 fortissimos
296 1847 373 1886 viros
395 1836 540 1887 certamen
554 1837 765 1908 aequantet
707 1830 765 1888 fort
766 1833 832 1888 una.
877 1827 1031 1903 Oaeternm,

16 1924 159 2000 angustiae
180 1923 269 1998 loci,
260 1944 290 1982 ιιι
312 1943 368 2002 quc
383 1923 525 1984 'haeserat
547 1945 653 2004 pugne,
674 1945 731 1984 non
755 1925 940 2002 patiebantur
961 1925 1032 1983 totis

16 2018 157 2095 congredi
182 2019 302 2078 viribus
357 2017 534 2095 Spectabunt
562 2021 630 2096 ergd
657 2019 765 2096 plures,
793 2041 880 2098 quam
906 2021 1033 2078 inierant

16 2113 172 2192 praelium:
193 2120 224 2170 et
250 2114 302 2190 qui
326 2119 409 2170 extre
435 2113 489 2170 teli
514 2115 625 2188 jectum
648 2123 739 2188 erant,
764 2115 887 2172 clamore
910 2115 1034 2172 invicem

16 2227 90 2267 suos
126 2207 328 2266 accendebant.
384 2207 517 2264 Tandem
548 2207 696 2266 Laconum
730 2209 807 2266 ecies
840 2207 1034 2286 languescere,

16 2302 135 2362 lubrica
157 2321 237 2358 arma
260 2301 365 2360 sudore
388 2301 438 2360 vix
463 2301 629 2377 sustinens;
660 2299 765 2378 pedem
793 2301 898 2360 deinde
926 2303 1036 2361 referre

16 2397 109 2474 coepit
123 2416 164 2472 ac,
178 2403 301 2474 urgente
315 2397 522 2479 hoste,apertd
537 2397 643 2473 fugere.
686 2397 898 2475 Insequebatnr
918 2398 1037 2475 dissipa·

16 2501 67 2550 tos
81 2491 184 2564 victor,
200 2498 229 2548 et
245 2509 377 2549 emensus
391 2511 478 2550 cursu
492 2509 575 2550 omne
598 2492 732 2569 spatium,
747 2493 824 2571 quod
849 2493 925 2552 ecies
947 2493 1034 2552 Laco·

17 2607 91 2645 num
106 2587 281 2660 obtinuerat,
295 2587 390 2663 ipsum
404 2587 494 2666 Agim
517 2587 751 2666 persequebatur.
795 2587 863 2663 Ille,
877 2596 912 2646 ut
935 2590 1035 2666 fugam

19 2702 150 2755 suorum,
175 2689 205 2740 et
228 2683 376 2760 proximos
400 2682 528 2741 hostium
551 2684 710 2761 conspexit,
738 2683 843 2762 deponi
867 2704 898 2744 se
926 2685 1034 2760 jussit:

21 2785 217 2856 expertusque
241 2777 379 2852 membra,
394 2798 430 2836 an
454 2779 593 2856 impetum
607 2780 696 2837 animi
710 2780 793 2858 sequi
813 2786 940 2856 possent,
961 2785 1036 2855 post

21 2893 111 2952 quam
135 2872 255 2930 deficere
283 2873 382 2947 sensit,
411 2874 591 2952 'poplitibus
615 2881 706 2932 semet
733 2874 866 2951 excepit:
896 2873 1037 2952 galeaque

24 2967 141 3027 strenue
166 2971 292 3044 sumpta,
326 2968 427 3045 clypeo
453 2976 610 3048 protegens
643 2987 755 3045 corpus,
783 2969 897 3028 hastam
932 2969 1037 3029 dextre

23 3063 169 3137 vibrabat,
184 3063 282 3121 ⁸nltrd
295 3081 400 3122 vocans
423 3063 536 3122 hostem
560 3064 671 3142 siquis
689 3065 798 3142 jacenti
818 3065 910 3143 spolia
925 3065 1037 3125 demere

25 3158 156 3216 auderet.
208 3157 272 3216 Nee
295 3158 448 3237 quisquam
471 3159 539 3232 fuit,
563 3159 614 3236 qui
638 3159 794 3218 sustineret
821 3161 952 3222 eominus
975 3181 1038 3220 eon·

26 3253 119 3331 gredi.
162 3251 269 3312 Procul
281 3253 443 3313 missilibus
465 3253 663 3330 appetebatur,
679 3273 713 3313 ea
735 3255 849 3332 ipsein
871 3257 984 3316 hostem
997 3276 1039 3314 re·

27 3357 176 3424 torquens,
191 3348 280 3408 donec
294 3348 395 3406 lancea
408 3348 487 3406 nudo
497 3349 608 3426 pectori
617 3349 705 3408 infixa
716 3358 776 3410 est:
797 3356 856 3430 que
870 3373 907 3411 ex
920 3353 1040 3412 vulnere

29 3443 141 3517 evellet,
163 3443 331 3502 inclinatum
356 3462 388 3502 ac
413 3443 549 3502 deficiens
571 3452 658 3522 caput
679 3445 780 3524 clypeo
802 3447 949 3524 paulisper
975 3445 1041 3500 ⁹ex·

30 3539 115 3616 cepit.
159 3537 283 3612 Deinde,
298 3538 446 3618 linquente
471 3539 586 3618 spiritu,
606 3543 717 3620 pariter
741 3561 774 3600 ac
798 3542 945 3617 sanguine,
960 3537 1042 3594 mori·

33 3635 147 3694 bundns
161 3635 191 3692 in
206 3653 286 3692 arma
298 3635 460 3710 procubuit.
513 3670 516 3678 ,

93 3733 117 3787 3.
142 3729 282 3789 Cecidere
305 3729 588 3790 Lacedaemoniorum
602 3731 729 3810 quinque
750 3727 842 3785 millia
862 3733 892 3784 et
912 3743 987 3784 ccc:
1009 3747 1045 3788 ex

37 3825 244 3886 Macedonibus
268 3825 346 3882 haud
370 3825 496 3902 amplius
516 3825 605 3884 mille.
649 3823 797 3883 Caeterum
821 3821 871 3880 vix
894 3821 1044 3900 quisquam
