2642 4386
345 347 469 388 nunna
496 347 568 389 v11.
598 346 685 390 oar.
715 348 748 389 v.
1000 331 1055 390 157

98 495 182 564 eoerat,
200 488 252 548 init
289 487 378 548 Utres
391 487 617 566 quamplurimos
639 487 806 548 stramentis
825 487 948 547 refertos
961 487 1053 547 'diri-

97 585 121 644 it.
157 584 206 642 His
216 583 369 643 incubantes
384 591 569 643 transnavere
590 603 720 643 amnem:
741 584 844 662 quique
856 583 944 661 primi
957 589 1050 642 mans-

97 685 162 754 rnnt,
174 680 200 737 in
216 679 326 738 statione
348 685 438 752 erant,
459 679 529 754 dum
549 678 720 754 trajioerent
741 679 845 738 oaeter'n
888 677 953 737 Hoo
966 679 1052 736 modo

97 782 146 832 exto
158 774 251 833 demum
263 772 306 831 die
320 773 351 830 iu
364 773 503 832 ulteriore
516 773 581 850 ript
596 781 690 832 totum
703 773 864 832 exereitum
877 775 1018 852 exposuit

125 870 164 928 20.
183 868 290 948 Jamque
303 867 341 926 ad
354 867 582 946 persequendum
602 867 726 927 Bessum
747 873 889 927 statuerat
908 868 1053 948 progredi,

97 967 128 1020 'un
146 983 181 1038 aa,
193 983 248 1042 quse
264 964 293 1022 in
315 961 467 1041 Sogdianis
488 970 578 1038 erant,
592 963 746 1042 eognoaoit.
790 961 970 1041 Spitamenes
991 969 1054 1022 erat

97 1064 132 1116 ter
146 1077 229 1117 omnes
240 1057 342 1116 amioum
356 1057 499 1134 praeoipuo
513 1057 618 1116 honore
632 1058 728 1116 oultns
742 1077 761 1116 a
774 1058 874 1117 Besso.
917 1057 977 1118 Sed
989 1057 1054 1116 nnl-

107 1151 205 1211 meritis
217 1151 330 1229 perfidia
348 1151 476 1230 mitigari
489 1158 603 1228 potest:
623 1171 689 1230 qnae
708 1160 805 1210 tamen
823 1155 884 1230 jam
903 1153 1002 1212 minuis
1021 1154 1053 1212 in

109 1245 194 1305 invisa
213 1265 268 1304 esse
280 1251 405 1322 poterat,
421 1245 517 1322 ¹⁰quia
537 1245 613 1303 nihil
634 1246 690 1304 ulli
701 1247 847 1304 nefastum
866 1247 897 1304 in
917 1247 1053 1325 Bessum,

98 1343 250 1400 erfeetorem
263 1340 355 1418 Regis
369 1341 424 1414 sui,
445 1339 607 1399 videbatur.
650 1343 668 1370 ¹¹
680 1341 799 1400 Titulus
806 1341 929 1400 faoinori
949 1343 1054 1420 speeio·

97 1435 314 1513 epraeterebntur,
337 1433 468 1492 vindicta
488 1433 580 1494 Darii
623 1435 681 1494 Sed
702 1437 860 1510 fortunam,
874 1455 932 1494 non
953 1436 1054 1512 seelus,

97 1536 147 1586 erat
160 1527 246 1588 Bessi
287 1527 363 1586 Nam
377 1535 411 1586 ut
433 1526 634 1587 Alexandrum
657 1529 763 1588 flumen
785 1530 883 1592 Oxum
904 1535 1055 1610 superasse

97 1624 184 1698 perit,
206 1619 416 1700 Dataphernem
438 1630 468 1680 et
491 1620 637 1698 (latonam,
658 1624 764 1703 quibus
788 1625 917 1684 aBesso
929 1627 1055 1684 maxima

97 1738 115 1776 es
138 1717 300 1794 habebatur,
324 1719 356 1776 in
383 1718 552 1778 sotietatem
574 1719 707 1798 eogitatae
733 1720 777 1778 rei
803 1719 945 1780 adaoisoit
1001 1721 1054 1780 Illi

97 1814 202 1891 mptinis
214 1813 326 1890 adeunt,
340 1815 429 1892 qndm
442 1815 636 1893 rogabantur,
658 1815 872 1894 assumptisque
884 1823 948 1875 ooto
957 1816 1053 1876 fortis·

97 1910 121 1968 is
131 1909 289 1986 juvenibus,
306 1911 325 1938 ¹²
335 1909 425 1968 talem
438 1909 536 1968 dolum
550 1910 712 1970 intendunt.
755 1911 937 1988 Spitamenes
956 1911 1054 1990 pergit

97 2005 222 2079 Bessum,
236 2011 274 2080 et,
287 2006 407 2063 remotis
421 2005 549 2079 arbitris,
565 2005 743 2082 comperisse,
757 2007 808 2080 ait,
823 2025 863 2081 se,
877 2007 1012 2066 insidiari
1025 2006 1053 2064 ei

97 2097 253 2175 aphernem
275 2105 306 2157 et
331 2098 477 2173 (latenem,
504 2105 539 2156 ut
566 2099 665 2158 virum
692 2099 860 2158 Alexandro
886 2100 1052 2160 traderent:

97 2193 210 2266 :itantes
224 2211 242 2249 a
255 2201 345 2251 semet
359 2199 513 2269 oeeupatos
532 2211 603 2266 esse,
619 2199 648 2250 et
667 2191 782 2252 vinotos
803 2194 904 2252 teneri
946 2193 1054 2254 Bessus

97 2305 118 2344 to
140 2286 245 2344 merito
267 2287 315 2362 (nt
337 2286 483 2362 eredebat)
506 2285 661 2364 obligatus,
684 2287 702 2314 ¹⁴
711 2287 820 2364 partim
846 2286 957 2365 gratias
983 2288 1054 2366 agit,

98 2383 139 2439 im
150 2381 256 2440 aridus
270 2380 405 2458 explendi
415 2381 550 2458 supplioii
560 2380 661 2440 adduoi
672 2399 720 2440 eoa
731 2380 824 2458 jubet.
850 2381 911 2456 Illi,
921 2381 1056 2442 manibus

103 2484 209 2554 sponte
232 2475 373 2556 religatis,
393 2497 410 2534 a
429 2475 621 2554 participibus
641 2475 754 2536 oonsilii
774 2476 968 2553 trahebantur,
981 2495 1054 2558 quoa

97 2591 138 2631 tus
150 2572 231 2630 trnei
245 2572 331 2632 uultu
350 2573 465 2631 intuens
484 2573 639 2651 consurgit,
653 2571 784 2632 manibus
803 2591 860 2630 non
883 2579 1053 2650 temperatu-

124 2667 172 2725 At
194 2665 254 2742 illi,
276 2667 461 2727 simulatione
482 2667 597 2743 ernust,
610 2667 827 2726 oiroumsistunt
848 2687 923 2742 eum,
938 2676 967 2726 et
980 2669 1054 2727 frus·

97 2769 314 2841 repugnantem
343 2763 483 2839 vinoiunt,
507 2762 619 2840 direpto
644 2783 683 2822 ex
709 2762 805 2840 eapite
825 2763 909 2840 regni
930 2762 1052 2840 insigni:

97 2862 213 2934 atatqne
235 2865 326 2932 veste,
350 2877 467 2936 quame
484 2858 583 2935 spoliis
598 2857 686 2916 ooeisi
707 2856 801 2936 Regis
814 2856 953 2916 induerat.
995 2857 1054 2918 Ille

118 2951 167 3008 sni
192 2950 316 3009 sceleris
335 2953 445 3012 ultores
467 2951 567 3011 adesse
588 2952 745 3026 comesses,
760 2951 876 3027 adjeoit,
889 2971 946 3010 uon
960 2952 1051 3014 Dario

97 3063 173 3122 quos
188 3044 296 3120 fuisse,
310 3063 395 3123 quem
408 3046 449 3106 sio
459 3047 683 3122 uleisoerentnr;
706 3047 759 3104 sed
779 3045 945 3108 Alexandro
958 3050 1052 3126 propi·

97 3141 188 3217 nujus
213 3140 373 3200 vintoniam
396 3159 508 3218 semper
530 3141 618 3199 etiam
637 3141 732 3200 hostis
744 3142 910 3220 adjuvisset.
951 3144 1053 3204 Multi-

97 3257 139 3294 an
154 3235 355 3296 vindieatura
375 3235 499 3294 Bessum
518 3236 615 3311 fuerit,
629 3236 770 3296 insertum
790 3246 843 3314 est,
857 3239 916 3298 nisi
936 3239 981 3298 illi
1001 3240 1052 3318 qui

97 3339 182 3406 rant,
196 3334 293 3410 jussu
306 3331 471 3392 Alexandri
490 3331 591 3390 feoisse
604 3331 682 3410 ipsos
702 3334 841 3410 ementiti,
856 3336 876 3364 ¹⁸
887 3334 992 3395 dubios
1005 3334 1052 3392 ad·

99 3427 180 3486 nimi
198 3428 390 3489 terruissent.
422 3427 460 3487 In
473 3447 575 3506 equum
589 3428 764 3508 impositum,
779 3429 949 3492 Alexandro
963 3427 1052 3484 tradi·

97 3522 218 3580 Tueunt.
268 3521 352 3582 Inter
375 3523 437 3583 hmo
458 3523 534 3599 Rex,
558 3525 576 3552 ¹⁷
586 3525 690 3604 quibus
710 3532 824 3584 matura
851 3529 915 3582 erat
941 3521 1051 3596 missio,

97 3636 104 3672 ι
121 3616 300 3694 nongentis
313 3617 384 3693 fere,
399 3619 490 3698 equiti
509 3618 578 3679 bina
589 3619 731 3678 1⁸talentu
751 3617 842 3689 dedit,
856 3613 950 3690 pediti
969 3620 1053 3676 terna

97 3711 166 3768 irim
192 3710 317 3786 millia,
338 3713 521 3793 monitusque
543 3721 577 3772 nt
603 3714 710 3774 liberos
736 3715 914 3789 generarent,
940 3709 1053 3770 remisit
