2642 4386
199 361 256 424 stt
546 375 688 428 sururr
714 373 856 418 ouurrr

195 517 293 580 errori
314 522 524 596 exspectantur.
567 515 618 576 Ite
638 513 746 578 bellum
770 509 888 574 diendo
911 510 1034 588 olemus,
1062 511 1083 540 ¹⁸
1093 517 1133 570 et
1156 509 1242 592 qnod

195 613 301 674 inferre
323 632 485 692 possumus,
508 612 636 690 eooipere
657 628 799 690 rogemur.
841 607 999 668 Menifeste
1026 615 1077 667 est
1105 608 1238 668 consilii

194 709 252 770 mei
275 710 358 770 retio.
401 709 459 770 Sed
483 727 521 768 uu
543 706 711 785 permissuri
734 705 797 768 siut
816 703 890 766 mihi
916 703 1099 762 Macedones
1131 706 1237 763 animo

194 804 239 862 nti
262 823 335 880 meo,
359 804 475 880 dubito;
499 802 568 882 quie
591 821 628 861 ex
650 820 705 880 qno
731 801 787 862 hoo
806 801 911 862 vulnus
931 798 1038 876 eeeepi,
1062 819 1130 857 non
1158 819 1235 878 equo

193 907 295 960 ventus
317 919 458 975 eum,uou
479 897 604 975 pedibus
626 896 781 976 ingressus
814 895 881 956 ‘seo
900 894 926 954 si
944 913 990 952 me
1010 894 1100 972 sequi
1125 895 1234 969 vultis,

194 995 286 1070 teleo,
310 995 404 1054 ernioi.
455 993 533 1054 Setis
557 991 665 1052 virium
688 999 732 1053 est
754 991 792 1052 ad
813 990 962 1050 tolerende
980 989 1048 1048 istu
1106 992 1232 1050 Antei

200 1091 262 1166 jem
285 1089 369 1148 adest
389 1088 460 1150 vite
479 1107 553 1148 meae
574 1088 648 1164 finis,
669 1087 699 1146 in
719 1107 775 1167 quo
795 1086 912 1146 taudem
932 1103 1017 1164 opere
1035 1086 1161 1146 melidis
1183 1107 1229 1146 ex·

195 1184 362 1263 wlgani„

256 1282 302 1340 30.
325 1280 398 1342 Haeo
420 1285 526 1360 quesst
549 1279 643 1338 edhue
665 1297 734 1338 vooe
756 1277 981 1353 ”subdeficiens
1000 1277 1052 1337 vix
1073 1280 1224 1356 proximis

194 1377 426 1452 exaudientibus,
441 1376 572 1436 dixerat:
593 1377 661 1434 edm
684 1393 781 1434 omues
806 1393 824 1432 e
846 1381 907 1432 turn
929 1373 1073 1452 preeeipiti
1093 1377 1223 1436 oonsilio

195 1471 308 1552 Regem
334 1472 479 1532 deterrere
506 1477 658 1549 eoepernut
714 1469 855 1548 Erigyius
888 1471 1024 1545 mexime,
1051 1471 1106 1549 qni
1142 1473 1222 1531 heud

195 1569 265 1626 send
293 1568 467 1627 euotoritute
493 1566 642 1645 proficiens
666 1565 743 1644 opud
768 1565 945 1626 obstinatum
971 1565 1112 1640 animum,
1144 1567 1220 1627 ¹⁶su—

194 1661 404 1739 perstitionem,
427 1664 510 1738 eujus
530 1669 634 1738 potens
654 1679 713 1720 nou
736 1668 799 1720 eret
820 1660 896 1736 Rex,
923 1659 1051 1720 ineutere
1078 1663 1218 1738 tentavit,

195 1755 326 1830 dioeudo,
340 1755 408 1814 deos
421 1775 534 1834 quoque
556 1755 672 1816 obstare
693 1755 823 1831 oonsilio,
837 1773 1027 1834 mngnunrqne
1041 1757 1217 1833 perieulum,

195 1849 337 1910 sifiumeu
358 1855 511 1910 transisset
530 1849 652 1910 ostendi
695 1849 827 1910 Intranti
848 1851 972 1930 Erigyio
993 1851 1217 1912 teberueonlnm

194 1945 295 2024 Regis,
317 1944 490 2005 Aristander
510 1951 681 2022 ooourreret,
703 1945 802 2004 tristia
829 1953 898 2004 extu
923 1945 1014 2004 fuisse
1042 1946 1214 2024 significans

195 2040 268 2103 Hee
290 2047 413 2102 exuste
435 2049 580 2119 comperte
602 2040 742 2120 Erigyius
764 2041 928 2104 nuntiabat.
983 2039 1049 2112 Quo
1077 2042 1214 2118 inhibito,

195 2137 362 2198 Alexander
384 2157 442 2196 non
462 2137 509 2196 irs
532 2137 633 2212 solum,
655 2136 707 2196 sed
729 2137 817 2194 etiem
837 2136 948 2214 pudore
969 2137 1115 2213 ooniueus,
1136 2139 1214 2217 quod

88 2289 96 2302 ,
195 2234 372 2311 superstitio,
387 2251 473 2314 quam
495 2233 649 2308 celaverat,
674 2231 871 2311 detegebatur,
886 2231 1093 2291 Aristandrum
1116 2235 1213 2294 uoueri

199 2329 292 2406 jubet.
344 2329 402 2400 Qui
425 2335 459 2388 ut
484 2329 573 2404 venit,
600 2328 716 2388 intuens
750 2347 825 2402 euru,
858 2325 955 2388 “Non
982 2327 1079 2402 Rex,’'
1107 2329 1211 2408 inquit,

196 2424 277 2484 “sed
289 2425 419 2500 privatus
433 2423 520 2481 sumi
559 2423 737 2483 Sueriiieium
759 2431 793 2482 ut
815 2423 931 2498 feneres,
945 2422 1088 2483 mundavi.
1135 2424 1211 2498 Quid

195 2537 230 2576 eo
256 2517 486 2594 portenderetur,
500 2536 553 2576 eur
577 2517 653 2594 apud
676 2517 766 2576 elium
786 2519 874 2596 quim
898 2518 975 2596 epud
998 2538 1044 2577 me
1065 2521 1211 2597 professus

194 2611 248 2674 es?
289 2610 428 2688 Erigyius
450 2629 554 2670 eroene
574 2629 639 2669 mee
660 2618 689 2670 et
709 2619 829 2688 secrete,
850 2620 880 2672 te
899 2613 1048 2690 prodente
1069 2618 1204 2694 cognovit

196 2710 215 2738 ¹⁰
225 2725 310 2788 quem
324 2714 436 2767 eertum
447 2706 609 2766 mehercule
630 2705 724 2766 hebeo
745 2715 879 2768 extorum
892 2708 1051 2786 interprete
1063 2711 1111 2768 uti
1135 2719 1211 2770 metu

194 2823 255 2865 sno.
297 2805 316 2834 ²⁰
327 2804 395 2866 Tibi
420 2810 525 2878 autem,
540 2804 628 2882 quem
649 2810 755 2881 potest,
775 2803 923 2880 dennueio,
936 2805 997 2882 ipse
1015 2805 1088 2864 mihi
1102 2805 1211 2866 iudiees

193 2899 265 2978 quid
278 2919 314 2958 ex
327 2900 403 2960 extis
417 2898 593 2979 cognoveris,
605 2917 642 2958 ne
661 2898 755 2978 possis
775 2899 896 2958 infitiari
917 2899 1035 2975 dixisse,
1049 2921 1115 2979 quae
1136 2903 1210 2962 dixe·

194 2995 263 3054 ris’‘
304 2995 362 3054 Ille
384 2995 539 3074 exsanguis
561 2994 740 3073 attonitoque
767 2995 871 3054 similis
898 2995 1003 3071 stabnt,
1027 3016 1078 3073 per
1106 3007 1210 3057 metum

83 3150 87 3162 ,
194 3089 284 3150 etiam
306 3107 375 3148 vooe
398 3095 561 3167 suppresse.
604 3089 790 3168 Tandemque
809 3089 911 3150 eodem
932 3099 1013 3150 metu
1034 3092 1207 3168 stimuleum,

193 3204 231 3244 ue
269 3184 361 3263 Regis
395 3185 639 3261 exspertetionom
673 3191 844 3261 moreretur,
879 3187 929 3222 ²¹“
943 3186 1073 3266 Magni,”
1108 3189 1205 3268 inquit,

194 3284 211 3318 ‘⁸
221 3280 339 3355 laboris,
361 3298 419 3338 non
441 3279 529 3354 irriti,
543 3279 695 3340 diserimen
718 3281 973 3359 instereprmdixi.
1015 3281 1077 3342 Neo
1090 3303 1137 3343 me
1150 3305 1207 3344 mm

193 3395 248 3453 ors,
263 3377 379 3456 ”quim
391 3373 597 3450 benevolentis,
611 3375 771 3452 perturbet.
821 3376 1024 3436 Infirmitetem
1038 3377 1206 3438 valetudinis

194 3479 253 3534 tuse
272 3459 369 3550 iidem
392 3476 423 3530 et
442 3471 584 3550 quantum
603 3470 635 3528 in
654 3491 712 3530 uno
734 3478 764 3530 te
786 3472 834 3548 sit,
856 3473 923 3534 seio.
967 3472 1079 3534 Vereor
1097 3493 1135 3533 ne
1153 3495 1205 3535 non

193 3569 328 3647 proesenti
342 3569 468 3627 fortuna
481 3572 541 3625 tuae
554 3565 681 3624 suffieere
700 3567 821 3644 possis.’'
861 3569 929 3628 Rex
945 3570 1060 3645 jussum
1073 3569 1205 3629 oouiidere

192 3663 327 3723 felioiteti
351 3683 411 3724 suae
434 3661 565 3722 remisit:
589 3660 654 3722 Sibi
676 3661 751 3720 euim
774 3661 832 3720 elie
852 3663 889 3722 ad
915 3663 1038 3742 gloriam
1057 3665 1204 3724 eonoedere

193 3757 278 3818 Deos
322 3757 509 3819 Consultanti
532 3757 635 3816 deindd
650 3777 715 3815 eum
740 3756 854 3833 iisdem,
869 3777 990 3836 quonum
1010 3759 1095 3818 modo
1108 3760 1204 3819 flumen

193 3852 359 3928 transirent,
387 3852 555 3931 superuenit
576 3851 762 3928 Aristender,
775 3871 834 3912 non
855 3853 931 3913 eliis
949 3853 1063 3914 lentiore
1083 3861 1151 3914 exte
1166 3853 1203 3916 ri·
