2622 4382
367 385 488 432 urana
512 387 546 430 x.
573 387 656 432 oar.
683 387 756 431 rrr.
1008 373 1069 436 250

74 527 177 606 adque,
203 525 285 607 quod
307 527 401 604 major
421 545 490 606 pars
511 547 612 588 eornm
634 529 803 605 demererit,
825 535 939 592 stetur:
968 531 1066 608 duoes,

74 623 238 701 refectique
260 621 406 700 eopiarum
428 623 475 683 bis
494 625 646 702 pareant.”
690 623 850 686 Ptolemaeo
871 626 999 705 quidam,
1017 645 1066 705 po·

74 736 135 776 ›res
159 717 312 778 Perdioese
336 717 577 779 assentiebantur.
629 720 706 780 Tum
734 721 894 781 Aristonus
916 729 998 782 ortus
1020 728 1066 782 est

74 831 152 888 eene,
168 811 374 872 Alexandrum
394 813 567 889 eonsulturn,
582 815 629 874 oui
649 815 829 893 relinqueret
841 835 972 894 regnum,
986 817 1062 878 volu·

74 927 98 966 se
110 908 259 986 optimum
273 907 383 986 deligi:
402 909 567 986 judioatum
587 917 685 970 autem
699 910 813 989 abipso
828 911 979 989 optimum,
996 911 1064 990 Per·

74 1021 165 1078 eoam,
190 1003 239 1062 eui
263 1003 404 1062 annulum
427 1004 605 1064 tradidisset.
658 1005 763 1084 Neque
785 1005 863 1065 enim
885 1025 976 1066 unum
997 1025 1064 1066 euru

74 1099 189 1158 sedisse
202 1099 350 1173 morienti,
366 1097 418 1158 sed
442 1099 693 1160 oireumferentem
708 1101 817 1176 oeulos,
833 1119 870 1160 ex
885 1101 973 1164 turbt
995 1103 1063 1162 ami·

74 1213 141 1254 rum
163 1194 310 1272 delegisse
331 1193 379 1252 oui
403 1194 542 1253 traderet.
585 1195 707 1254 Plaeere
729 1195 828 1274 igitur,
849 1215 990 1256 summam
1012 1198 1062 1258 im·

74 1289 116 1348 rii
132 1289 172 1348 ad
196 1287 371 1348 Perdieeam
395 1287 510 1348 deferri
554 1288 618 1348 Nee
639 1289 819 1365 dubitavere,
834 1291 905 1368 quin
918 1309 988 1351 vera
1000 1311 1062 1352 een·

74 1391 127 1442 ret.
173 1383 283 1462 Itaque
304 1383 434 1443 universi
455 1383 613 1466 procedere
638 1383 669 1442 in
691 1383 820 1442 medium
839 1385 1017 1463 Perdioeam,
1032 1394 1064 1446 et

74 1478 138 1554 egis
152 1478 295 1536 annulum
308 1478 412 1537 tollere
422 1478 573 1555 jubebant.
617 1477 760 1540 Haerebut
777 1479 855 1538 inter
874 1479 1063 1558 eupiditatem

74 1573 252 1652 rdoremque,
278 1579 309 1632 et
328 1575 386 1652 qud
408 1574 572 1634 modestius
595 1574 674 1653 quod
697 1574 877 1652 expeotsbat,
902 1581 1061 1654 appeteret,

74 1669 230 1728 evioseiue
252 1668 401 1730 oblaturos
420 1688 483 1730 esse
506 1669 649 1730 credebat.
692 1669 799 1749 Itaque
823 1677 985 1747 onustatus,
1000 1672 1061 1732 diu·

74 1783 99 1821 re
127 1763 201 1842 quid
230 1771 329 1844 ageret
355 1765 493 1840 insertus,
521 1765 560 1824 ad
586 1765 724 1824 ultimum
750 1773 847 1824 tamen
874 1768 1002 1843 reoessit,
1030 1775 1062 1828 et

74 1867 110 1916 er
124 1879 184 1934 eos,
197 1859 250 1940 qui
264 1859 400 1920 sederent
415 1861 550 1940 proximi,
566 1861 706 1924 oonstitit.
749 1861 795 1922 At
815 1861 965 1943 Meleager
984 1881 1061 1924 unus

80 1955 213 2030 duoibus,
228 1957 394 2016 ooulirmato
416 1957 519 2034 animo,
532 1977 618 2035 quem
641 1957 792 2018 Perdiooae
815 1960 962 2018 onustatis
981 1977 1061 2020 erex-

74 2057 118 2123 at,
149 2049 244 2109 “Neo
275 2051 327 2110 Dii
356 2051 503 2126 siverint,”
528 2052 631 2130 inquit,
656 2055 718 2110 “ut
744 2051 908 2110 Alexandri
934 2053 1060 2128 fortuna,

74 2144 178 2222 ‚utique
203 2144 285 2222 regni
306 2145 457 2223 fastigium
479 2145 510 2204 in
534 2146 608 2204 istos
630 2145 766 2204 humeros
787 2152 863 2204 ruet.
917 2145 1061 2207 Homines

74 2237 126 2295 ’τιὸ
140 2257 198 2297 non
211 2237 313 2298 ferent.
357 2241 377 2269 ¹¹
389 2239 473 2298 Nihil
497 2239 561 2298 dieo
584 2240 620 2298 de
634 2239 827 2300 nobilioribus
841 2241 932 2320 quim
946 2241 994 2298 hio
1007 2247 1060 2316 est,

75 2333 99 2390 ed
121 2333 157 2393 de
171 2333 242 2394 viris
263 2335 390 2410 tautum,
404 2335 511 2414 quibus
531 2335 633 2394 invitis
651 2333 725 2392 nihil
746 2335 860 2412 perpeti
874 2353 992 2394 neeesse
1006 2342 1060 2396 ost.

75 2429 112 2486 'ee
122 2430 191 2488 verb
205 2429 336 2505 interest,
352 2429 490 2490 Roxanes
503 2430 604 2505 filium,
615 2432 852 2510 quandooumque
863 2429 982 2508 genitus
995 2430 1060 2506 erit,

75 2543 85 2581 1
112 2525 280 2585 Perdiooam
303 2526 416 2604 Regem
440 2525 581 2601 habeatis,
597 2527 666 2585 edm
689 2526 746 2584 iste
760 2525 815 2586 sub
840 2525 942 2586 tutelae
964 2525 1060 2604 speeie

75 2641 168 2698 agnum
189 2630 379 2701 ooenpaturus
401 2623 449 2682 sit
502 2621 608 2701 Itaque
630 2641 714 2681 nemo
738 2621 766 2680 ei
791 2621 858 2682 Rex
880 2622 987 2700 plaeet,
1001 2621 1060 2681 nisi

75 2717 236 2776 uiuendum
248 2724 335 2778 uatus
350 2725 403 2778 est.
447 2717 489 2777 m
501 2718 533 2778 in
547 2720 631 2776 tensa
645 2718 774 2776 omnium
788 2717 987 2789 festinatione,
1001 2735 1060 2775 uon

75 2815 137 2868 ustt
157 2811 241 2871 modd
255 2813 307 2872 sed
325 2814 414 2872 etism
436 2813 610 2887 necessaris,
626 2813 770 2872 ”exortos
789 2827 903 2870 menses
918 2809 997 2869 solus
1010 2829 1057 2869 ex·

75 2913 155 2978 eetst,
177 2914 206 2964 et
224 2910 285 2983 jam
306 2908 419 2969 divinat
439 2928 549 2966 marem
570 2927 634 2966 esee
659 2913 848 2982 oonoeptum3
872 2904 986 2984 ”quem
1006 2923 1059 2966 voe

75 3001 193 3059 ubitatie
210 3008 344 3079 paratum
356 3021 420 3062 esse
433 3002 480 3062 vel
494 3002 642 3063 subdere?
683 3001 717 3062 si
737 3000 853 3059 medius
866 2999 955 3060 lidids
969 3000 1059 3062 Alex·

75 3097 140 3154 oder
159 3095 233 3156 buno
252 3096 336 3157 nobis
351 3097 464 3175 Regem
482 3116 535 3174 pro
550 3115 580 3157 se
593 3095 772 3176 reliquisset,
786 3093 817 3154 id
840 3095 934 3155 solnm
953 3115 990 3155 ex
1011 3097 1058 3155 his

75 3213 118 3253 use
136 3193 314 3270 imperasset,
328 3211 386 3252 non
406 3192 569 3252 fsoiendum
589 3211 652 3252 esse
672 3209 826 3250 oeuserem.
869 3189 947 3264 Quin
968 3192 1059 3271 igitur

75 3290 92 3346 d
125 3288 298 3366 diripiendos
328 3288 480 3348 thesauros
507 3287 695 3348 disourritis?
724 3287 826 3346 harum
861 3288 939 3348 enim
972 3305 1058 3364 opum

75 3385 197 3461 egiarum
219 3384 320 3463 utique
350 3383 505 3462 1⁴populus
526 3391 573 3442 est
592 3383 709 3444 haeres.”
752 3383 826 3444 Haeo
845 3383 986 3454 elocutus,
1005 3397 1059 3456 per

75 3479 161 3538 redies
174 3485 296 3540 armatos
310 3480 415 3558 erupit.
459 3479 502 3540 Rt
514 3479 565 3559 qui
577 3479 695 3540 abeunti
708 3479 786 3540 siem
799 3479 948 3548 dederant,
963 3474 1059 3550 ipsum

76 3575 316 3651 dpronuneiutem
335 3574 465 3652 praedem
479 3573 680 3654 sequebantur.

116 3669 185 3730 VII.
210 3672 252 3730 18.
273 3668 398 3747 Jamque
421 3677 593 3730 armatorum
616 3669 693 3730 eirea
720 3665 897 3742 Meleagrum
923 3661 1060 3740 frequens

76 3764 233 3840 lobnserat,
247 3764 276 3822 in
299 3764 467 3824 seditionem
488 3785 522 3825 ao
536 3765 708 3824 disoordiam
720 3763 803 3820 verse
822 3757 974 3818 eonoione:
995 3761 1059 3818 eim

76 3859 167 3938 puidam
178 3859 319 3940 plerisque
332 3859 522 3920 Msoedonum
542 3859 657 3938 ignotm
671 3873 709 3914 ex
727 3852 932 3932 inlimtplebe‚
947 3850 1059 3924 “Quid
