2520 4390
185 343 242 401 110
531 357 670 410 errurr
698 355 837 398 cunrrr

179 499 232 548 rant,
242 497 310 549 parcit
322 495 448 547 Alexauder,
457 498 480 537 at
493 495 617 537 Mardorum
632 495 695 547 mute
710 493 820 544 domurn,
834 493 973 536 ennomus
984 495 1111 546 crsasum
1126 495 1221 546 Bam

179 563 496 670 netgohnffifflfflemffl
504 627 640 668 offenduntur
654 627 754 676 moribus,
764 627 800 676 qui
812 627 838 666 ut
849 625 975 665 seditionem
988 627 1117 676 averteret,
1132 627 1163 667 ad
1177 625 1218 666 bel·

179 693 224 734 lum
233 695 297 735 Besso
309 694 442 734 inferendum
455 696 550 734 mentem
563 694 673 734 convertit
687 693 749 740 Quod
762 695 783 732 et
795 694 942 741 stratagemate
953 692 1060 732 inchoat:
1077 705 1108 734 ac
1123 693 1217 733 Satibar

179 771 258 810 mnam,
268 759 325 810 quon
337 760 451 811 deiecisset,
460 761 555 812 primum
567 760 716 811 persequitur:
729 757 832 800 Barbaros
845 769 858 797 a
871 755 981 798 montibus
995 758 1092 799 fortiter
1108 759 1215 810 dispellit:

179 823 316 865 Artacacnam
326 827 436 876 expugnat

215 890 233 931 i.
248 891 421 944 conjurationem
432 892 456 931 in
464 890 609 932 Alexandrum
617 889 718 941 Dymnus
730 888 868 936 Nicomacho,
876 887 912 928 hic
923 897 962 938 per
975 887 1119 928 &belinum
1127 889 1213 930 nauem

179 954 299 997 Alexandro
307 957 391 1007 detegit
418 955 475 996 Hinc
483 966 541 996 mors
549 955 632 1004 Dymni
641 955 677 1006 qni
685 955 731 1004 ipse
738 953 779 994 sibi
792 963 867 994 manus
875 953 943 994 iniert

216 1022 234 1061 d
252 1021 376 1062 Amicorum
385 1021 491 1072 regiorum
503 1019 590 1060 consilio
604 1019 699 1060 Philotas
709 1018 855 1058 Parmenionis
863 1017 925 1066 filins,
935 1019 1098 1069 conjurationis
1108 1021 1186 1060 anctcr
1194 1021 1212 1058 et

179 1087 281 1136 narticeps
290 1087 386 1134 creditus,
396 1087 484 1136 capitur,
495 1097 519 1125 ac
527 1085 597 1126 velato
607 1080 675 1135 capite
683 1086 706 1124 in
714 1085 793 1135 regiam
802 1083 919 1124 abducitur.

216 1151 233 1192 9.
248 1151 281 1191 De
295 1153 442 1202 coniuratione,
457 1152 557 1192 adversus
570 1151 677 1191 Philotam
690 1149 855 1201 expostulatum
867 1148 1021 1190 Alexandriad
1037 1150 1132 1192 milites
1141 1152 1209 1198 ontio,

182 1227 249 1257 raram
258 1217 335 1267 quibus
344 1216 437 1257 Philotas
445 1217 549 1258 adductas
558 1217 701 1258 defensionem
708 1217 772 1266 parat.

216 1283 246 1322 1o
260 1282 397 1334 Apologetica
406 1282 496 1322 Philota
505 1283 577 1331 oratio,
586 1283 628 1332 qut
637 1281 788 1332 coniurationis
796 1279 950 1320 accusahonem
959 1279 1045 1329 prolixe
1055 1280 1149 1323 refellit.

216 1349 247 1389 11.
261 1349 340 1390 Concio
352 1349 466 1399 aquodam
475 1349 554 1390 Belone
563 1359 648 1389 accensa
656 1349 679 1388 in
688 1347 795 1387 Philotam
804 1347 878 1396 surgit
914 1345 937 1386 Is
944 1345 1007 1396 panib
1020 1349 1081 1396 pust,
1092 1349 1124 1388 ut
1132 1359 1156 1389 se
1165 1359 1207 1388 ern·

179 1414 267 1455 clatibus
285 1414 388 1464 liberaret,
407 1415 461 1456 flere
481 1414 630 1466 conjurationis
649 1413 816 1454 circumstantias
835 1413 902 1462 aperit
921 1423 1013 1459 cumane
1026 1412 1078 1452 aliis
1093 1415 1138 1464 qui
1151 1425 1206 1454 sacu-

178 1483 252 1521 santur
261 1493 273 1520 a
281 1481 418 1530 Nicomacho,
427 1482 482 1520 saris
495 1481 593 1521 obruitur

228 1655 247 1706 Ι.
262 1660 282 1704 1.
297 1651 497 1720 [Annxnunaoin
508 1654 569 1705 Asiir
575 1653 696 1720 gravibus
703 1653 776 1705 bellis
783 1658 913 1721 occupatu,
920 1651 1038 1720 plerique
1052 1657 1203 1706 Graecorum

178 1733 335 1786 occasionem
343 1734 586 1802 circumspiciebant,
596 1735 680 1802 quiin
688 1735 833 1787 libertatem
840 1753 866 1786 se
875 1741 1028 1786 assererent:
1044 1753 1106 1786 eam
1116 1737 1203 1805 quein·

179 1815 277 1868 venism
291 1815 429 1866 credebaut
444 1815 472 1866 in
489 1816 602 1867 Thraciae
620 1818 740 1878 tumultu,
752 1835 828 1885 quem
845 1819 969 1878 Memnon,
981 1819 1125 1884 prefectus
1142 1818 1201 1870 mili·

179 1904 242 1959 tum,
254 1896 433 1948 concitaverat
483 1899 567 1950 Duces
578 1897 668 1950 ceteris
679 1899 862 1950 Lacedaemonii
873 1905 953 1960 erant,
966 1899 1019 1966 qni,
1030 1905 1089 1951 total
1102 1902 1200 1954 Grecis

179 1975 336 2045 temporibus
347 1978 480 2040 serviente,
492 1979 538 2030 soli
554 1981 721 2032 Macedonum
738 1979 903 2032 dominationi
914 1979 1069 2032 restiterant.
1105 1986 1135 2034 A
1145 1986 1200 2034 Per

179 2059 213 2110 sis
223 2058 332 2128 pecnnia
343 2061 494 2127 sperabatur
505 2061 539 2112 ad
550 2061 697 2128 ampliorem
707 2061 769 2112 belli
780 2079 859 2112 usum.
905 2064 967 2113 cum
978 2077 1037 2127 ergo
1049 2064 1197 2132 Antipater,

180 2141 304 2212 quicquid
313 2141 422 2192 militnm
432 2143 553 2206 habebat,
565 2143 593 2194 in
603 2142 738 2195 Thraciam
749 2142 868 2204 duxisset,
879 2149 975 2194 motum
985 2160 1071 2210 nuper
1082 2154 1198 2197 exortum

181 2241 355 2292 oppressurus,
382 2224 567 2293 Peloponnesii,
596 2223 709 2292 exceptis
733 2223 828 2291 paucis,
856 2225 923 2276 bello
950 2226 1105 2277 Macedonas
1130 2227 1198 2279 inva-

181 2307 253 2370 dunt,
270 2306 358 2372 Agidi,
381 2307 628 2358 Lacedoemoniorum
638 2306 701 2372 regi,
713 2321 834 2356 summam
855 2304 956 2373 imperii
973 2307 1127 2370 deferentes,
1145 2313 1197 2369 Quo

181 2388 276 2448 audito,
299 2387 443 2454 Antipater,
465 2393 604 2456 utcumque
625 2387 718 2454 potuit,
740 2403 781 2438 res
802 2385 829 2438 in
845 2386 954 2438 Thracii
970 2403 1134 2454 componens,
1158 2393 1197 2442 ad·

180 2485 268 2518 versus
285 2471 385 2519 Graecos
401 2467 578 2533 proficiscitur,
596 2467 642 2536 qui
659 2467 794 2536 nescioqui
810 2472 897 2536 pugna
913 2468 1006 2530 confisi,
1017 2471 1195 2539 Megalopolim

180 2547 311 2599 obsidione
322 2547 461 2608 cinxerant,
474 2553 501 2598 et
513 2549 568 2616 jam
578 2549 606 2599 in
618 2565 647 2600 ec
659 2555 721 2611 erat,
732 2557 763 2600 ut
782 2556 903 2618 caperent
913 2550 1043 2618 oppidum,
1055 2555 1115 2604 crim
1124 2554 1195 2606 Anti·

180 2633 254 2696 pater
265 2645 297 2678 ex
306 2627 456 2680 Macedonia
472 2628 626 2696 supervenit
671 2629 808 2698 Utrimque
820 2631 914 2684 acriter
924 2638 1061 2700 pugnatur,
1075 2639 1102 2684 et
1118 2653 1194 2703 quan·

181 2727 258 2778 quam
274 2710 344 2762 locus
355 2710 513 2772 Macedonas,
526 2709 571 2778 qui
582 2725 686 2761 numero
696 2713 877 2778 prevalebunt,
888 2730 940 2763 non
956 2713 1082 2781 capiebat,
1094 2715 1194 2767 irruunt

181 2797 273 2855 tamem
285 2798 385 2858 urgent,
397 2793 487 2844 cedere
498 2797 598 2858 cogunt
644 2793 718 2852 Quod
728 2793 774 2844 ubi
784 2794 847 2859 Agis
858 2793 995 2862 conspexit,
1006 2801 1037 2847 nt
1046 2795 1192 2850 inclinatam

181 2889 284 2926 suorum
305 2874 387 2926 aciem
408 2875 530 2936 firmaret,
553 2873 623 2926 illico
641 2891 699 2926 cnm
719 2874 790 2940 regia
806 2877 917 2938 cohorte,
935 2893 991 2945 qnae
1007 2893 1039 2928 cx
1053 2879 1192 2931 lectissimis

181 2957 321 3017 constabat,
333 2973 359 3006 se
369 2955 399 3006 in
413 2956 536 3024 medinm]

97 3133 99 3137 ,
559 3057 683 3134 ¹pugnee
697 3054 852 3115 discrimen
865 3057 1022 3117 'immisitz
1045 3057 1191 3120 obtrunca·

182 3147 278 3226 iisque
302 3147 352 3226 qui
373 3151 540 3227 promptius
564 3150 747 3225 resistebant,
770 3171 904 3230 magnam
927 3160 1040 3232 partem
1067 3154 1189 3215 hostium

182 3242 317 3321 propulit.
361 3241 518 3321 Coeperant
531 3246 631 3324 fugere
645 3245 778 3322 victores,
794 3255 832 3322 et,
843 3247 933 3314 donec
948 3246 1064 3308 avidids
1078 3269 1189 3330 sequen·

182 3347 227 3398 tes
251 3339 281 3398 in
302 3336 422 3416 planum
445 3338 601 3415 deduxere,
626 3341 713 3400 multi
736 3341 886 3402 cadebant.
929 3343 1044 3423 Sedlut
1067 3347 1188 3422 primdm

182 3435 262 3495 locus
276 3435 306 3493 in
320 3453 377 3513 quo
392 3440 470 3492 stare
492 3442 611 3512 possent
632 3436 698 3514 fuit,
711 3437 803 3518 aequis
816 3439 929 3502 viribus
950 3439 1119 3500 dimicatum
1137 3451 1186 3502 est.

183 3531 266 3590 Inter
280 3549 380 3591 omnes
402 3536 499 3588 tamen
523 3529 758 3592 Lacedaemonios
779 3534 846 3594 Rex
867 3536 1020 3612 eminebat,
1034 3555 1092 3596 non
1105 3557 1188 3597 armo

182 3645 246 3685 rum
267 3625 353 3686 modd
368 3633 398 3685 et
422 3625 551 3703 corporis
575 3626 679 3704 specie,
695 3627 747 3686 sed
770 3629 857 3688 etiam
875 3631 1076 3710 magnitudine
1096 3634 1185 3707 animi,

183 3740 239 3797 quc
263 3741 320 3778 uno
345 3721 422 3780 vinci
446 3741 502 3779 non
524 3721 627 3798 potuit.
681 3721 827 3802 Undique,
850 3745 926 3784 nunc
950 3725 1090 3801 eominus,
1116 3746 1185 3786 nnnc

184 3813 297 3872 eminus
311 3817 472 3890 petebatur,
488 3817 596 3896 diuque
616 3837 697 3876 arma
717 3818 929 3894 circumferens,
944 3821 1001 3878 alia
1021 3822 1080 3880 tela
1092 3823 1184 3900 clypeo
