<?xml version="1.0" encoding="UTF-8"?>
<!DOCTYPE html PUBLIC "-//W3C//DTD XHTML 1.0 Transitional//EN"
    "http://www.w3.org/TR/xhtml1/DTD/xhtml1-transitional.dtd">
<html xmlns="http://www.w3.org/1999/xhtml" xml:lang="en" lang="en">
 <head>
  <title>
</title>
<meta http-equiv="Content-Type" content="text/html;charset=utf-8" />
  <meta name='ocr-system' content='tesseract 3.04.00' />
  <meta name='ocr-capabilities' content='ocr_page ocr_carea ocr_par ocr_line ocrx_word'/>
</head>
<body>
  <div class='ocr_page' id='page_1' title='image "./quintuscurtiusr00cellgoog_0198.png"; bbox 0 0 2642 4386; ppageno 0'>
   <div class='ocr_carea' id='block_1_1' title="bbox 411 335 1149 396">
    <p class='ocr_par' dir='ltr' id='par_1_1' title="bbox 411 335 1149 396">
     <span class='ocr_line' id='line_1_1' title="bbox 411 335 1149 396; baseline 0 0"><span class='ocrx_word' id='word_1_1' title='bbox 411 353 533 396; x_wconf 79' lang='lat' dir='ltr'><strong>urens</strong></span> <span class='ocrx_word' id='word_1_2' title='bbox 563 351 651 396; x_wconf 81' lang='lat' dir='ltr'><strong>vrtr.</strong></span> <span class='ocrx_word' id='word_1_3' title='bbox 683 351 768 396; x_wconf 70' lang='lat' dir='ltr'><strong>err.</strong></span> <span class='ocrx_word' id='word_1_4' title='bbox 807 355 869 395; x_wconf 91' lang='lat'>111.</span> <span class='ocrx_word' id='word_1_5' title='bbox 1092 335 1149 396; x_wconf 77' lang='lat'><strong>188</strong></span> 
     </span>
    </p>
   </div>
   <div class='ocr_carea' id='block_1_2' title="bbox 136 491 1150 859">
    <p class='ocr_par' dir='ltr' id='par_1_2' title="bbox 136 491 1149 764">
     <span class='ocr_line' id='line_1_2' title="bbox 137 491 1149 573; baseline -0.002 -19"><span class='ocrx_word' id='word_1_6' title='bbox 137 511 202 554; x_wconf 80' lang='lat' dir='ltr'><strong>sem</strong></span> <span class='ocrx_word' id='word_1_7' title='bbox 222 493 318 572; x_wconf 82' lang='lat' dir='ltr'><strong>igitur</strong></span> <span class='ocrx_word' id='word_1_8' title='bbox 332 492 475 555; x_wconf 75' lang='lat' dir='ltr'><strong>orarem</strong></span> <span class='ocrx_word' id='word_1_9' title='bbox 496 513 562 552; x_wconf 88' lang='lat' dir='ltr'><strong>eum</strong></span> <span class='ocrx_word' id='word_1_10' title='bbox 583 499 676 552; x_wconf 86' lang='lat' dir='ltr'><strong>matre</strong></span> <span class='ocrx_word' id='word_1_11' title='bbox 696 491 862 573; x_wconf 88' lang='lat' dir='ltr'><strong>liberisque,</strong></span> <span class='ocrx_word' id='word_1_12' title='bbox 883 499 915 554; x_wconf 91' lang='lat' dir='ltr'><strong>et</strong></span> <span class='ocrx_word' id='word_1_13' title='bbox 935 491 1026 553; x_wconf 86' lang='lat' dir='ltr'><strong>totius</strong></span> <span class='ocrx_word' id='word_1_14' title='bbox 1049 509 1149 570; x_wconf 85' lang='lat' dir='ltr'><strong>oogna·</strong></span> 
     </span>
     <span class='ocr_line' id='line_1_3' title="bbox 137 589 1148 668; baseline -0.001 -20"><span class='ocrx_word' id='word_1_15' title='bbox 137 590 228 648; x_wconf 79' lang='lat' dir='ltr'><strong>tionis</strong></span> <span class='ocrx_word' id='word_1_16' title='bbox 241 609 330 668; x_wconf 87' lang='lat' dir='ltr'><strong>grege</strong></span> <span class='ocrx_word' id='word_1_17' title='bbox 345 589 529 666; x_wconf 82' lang='lat' dir='ltr'><strong>sequebatur,</strong></span> <span class='ocrx_word' id='word_1_18' title='bbox 543 609 581 648; x_wconf 91' lang='lat' dir='ltr'><strong>ne</strong></span> <span class='ocrx_word' id='word_1_19' title='bbox 595 595 763 667; x_wconf 85' lang='lat' dir='ltr'><strong>exspeetato</strong></span> <span class='ocrx_word' id='word_1_20' title='bbox 777 589 894 668; x_wconf 86' lang='lat' dir='ltr'><strong>quidem</strong></span> <span class='ocrx_word' id='word_1_21' title='bbox 908 589 1006 649; x_wconf 79' lang='lat' dir='ltr'><strong>”fidei</strong></span> <span class='ocrx_word' id='word_1_22' title='bbox 1019 589 1148 668; x_wconf 88' lang='lat' dir='ltr'><strong>pignore,</strong></span> 
     </span>
     <span class='ocr_line' id='line_1_4' title="bbox 136 684 546 764; baseline -0.002 -21"><span class='ocrx_word' id='word_1_23' title='bbox 136 685 215 764; x_wconf 83' lang='lat' dir='ltr'><strong>quod</strong></span> <span class='ocrx_word' id='word_1_24' title='bbox 231 684 357 746; x_wconf 83' lang='lat' dir='ltr'><strong>Oxartes</strong></span> <span class='ocrx_word' id='word_1_25' title='bbox 366 685 546 762; x_wconf 87' lang='lat' dir='ltr'><strong>promiserat.</strong></span> 
     </span>
    </p>

    <p class='ocr_par' dir='ltr' id='par_1_3' title="bbox 203 779 1150 859">
     <span class='ocr_line' id='line_1_5' title="bbox 203 779 1150 859; baseline 0 -21"><span class='ocrx_word' id='word_1_26' title='bbox 203 783 246 838; x_wconf 92' lang='lat' dir='ltr'><strong>ll.</strong></span> <span class='ocrx_word' id='word_1_27' title='bbox 268 780 344 855; x_wconf 85' lang='lat' dir='ltr'><strong>Rex,</strong></span> <span class='ocrx_word' id='word_1_28' title='bbox 366 781 466 859; x_wconf 89' lang='lat' dir='ltr'><strong>equite</strong></span> <span class='ocrx_word' id='word_1_29' title='bbox 489 779 649 858; x_wconf 85' lang='lat' dir='ltr'><strong>praemisso,</strong></span> <span class='ocrx_word' id='word_1_30' title='bbox 663 779 714 858; x_wconf 90' lang='lat' dir='ltr'><strong>qui</strong></span> <span class='ocrx_word' id='word_1_31' title='bbox 734 779 844 840; x_wconf 83' lang='lat' dir='ltr'><strong>reverti</strong></span> <span class='ocrx_word' id='word_1_32' title='bbox 858 797 906 839; x_wconf 88' lang='lat' dir='ltr'><strong>eos</strong></span> <span class='ocrx_word' id='word_1_33' title='bbox 924 779 1050 858; x_wconf 87' lang='lat' dir='ltr'><strong>juberet,</strong></span> <span class='ocrx_word' id='word_1_34' title='bbox 1065 797 1150 859; x_wconf 87' lang='lat' dir='ltr'><strong>eppe·</strong></span> 
     </span>
    </p>
   </div>
   <div class='ocr_carea' id='block_1_3' title="bbox 98 873 1149 954">
    <p class='ocr_par' dir='ltr' id='par_1_4' title="bbox 98 873 1149 954">
     <span class='ocr_line' id='line_1_6' title="bbox 98 873 1149 954; baseline 0.004 -19"><span class='ocrx_word' id='word_1_35' title='bbox 98 887 108 894; x_wconf 75' lang='lat'><strong><em>‘</em></strong></span> <span class='ocrx_word' id='word_1_36' title='bbox 137 875 247 954; x_wconf 71' lang='lat' dir='ltr'><strong>titique</strong></span> <span class='ocrx_word' id='word_1_37' title='bbox 268 876 451 953; x_wconf 80' lang='lat' dir='ltr'><strong>praesentiam</strong></span> <span class='ocrx_word' id='word_1_38' title='bbox 474 873 576 953; x_wconf 89' lang='lat' dir='ltr'><strong>ipsius,</strong></span> <span class='ocrx_word' id='word_1_39' title='bbox 591 875 612 904; x_wconf 79' lang='lat'><strong>&#39;⁰</strong></span> <span class='ocrx_word' id='word_1_40' title='bbox 621 875 800 952; x_wconf 81' lang='lat' dir='ltr'><strong>supervenit,</strong></span> <span class='ocrx_word' id='word_1_41' title='bbox 815 883 845 935; x_wconf 90' lang='lat' dir='ltr'><strong>et</strong></span> <span class='ocrx_word' id='word_1_42' title='bbox 858 875 985 936; x_wconf 80' lang='lat' dir='ltr'><strong>rietimis</strong></span> <span class='ocrx_word' id='word_1_43' title='bbox 1007 875 1149 938; x_wconf 82' lang='lat' dir='ltr'><strong>Minervae</strong></span> 
     </span>
    </p>
   </div>
   <div class='ocr_carea' id='block_1_4' title="bbox 136 969 1170 3897">
    <p class='ocr_par' dir='ltr' id='par_1_5' title="bbox 136 969 1170 3612">
     <span class='ocr_line' id='line_1_7' title="bbox 137 969 1150 1050; baseline 0.004 -22"><span class='ocrx_word' id='word_1_44' title='bbox 137 989 171 1028; x_wconf 87' lang='lat' dir='ltr'><strong>ao</strong></span> <span class='ocrx_word' id='word_1_45' title='bbox 193 969 335 1048; x_wconf 75' lang='lat' dir='ltr'><strong>Viatorias</strong></span> <span class='ocrx_word' id='word_1_46' title='bbox 357 971 449 1044; x_wconf 85' lang='lat' dir='ltr'><strong>eaesis,</strong></span> <span class='ocrx_word' id='word_1_47' title='bbox 470 970 624 1048; x_wconf 88' lang='lat' dir='ltr'><strong>imperium</strong></span> <span class='ocrx_word' id='word_1_48' title='bbox 647 969 815 1047; x_wconf 82' lang='lat' dir='ltr'><strong>Sysimithri</strong></span> <span class='ocrx_word' id='word_1_49' title='bbox 835 971 975 1046; x_wconf 87' lang='lat' dir='ltr'><strong>restituit,</strong></span> <span class='ocrx_word' id='word_1_50' title='bbox 990 972 1072 1050; x_wconf 80' lang='lat' dir='ltr'><strong>”spe</strong></span> <span class='ocrx_word' id='word_1_51' title='bbox 1093 991 1150 1032; x_wconf 86' lang='lat' dir='ltr'><strong>ma·</strong></span> 
     </span>
     <span class='ocr_line' id='line_1_8' title="bbox 145 1065 1150 1144; baseline 0.003 -21"><span class='ocrx_word' id='word_1_52' title='bbox 145 1065 217 1142; x_wconf 84' lang='lat' dir='ltr'><strong>juris</strong></span> <span class='ocrx_word' id='word_1_53' title='bbox 241 1065 329 1124; x_wconf 87' lang='lat' dir='ltr'><strong>etiam</strong></span> <span class='ocrx_word' id='word_1_54' title='bbox 352 1065 511 1143; x_wconf 78' lang='lat' dir='ltr'><strong>provinciae</strong></span> <span class='ocrx_word' id='word_1_55' title='bbox 536 1065 624 1139; x_wconf 82' lang='lat' dir='ltr'><strong>faott,</strong></span> <span class='ocrx_word' id='word_1_56' title='bbox 653 1065 678 1124; x_wconf 90' lang='lat' dir='ltr'><strong>si</strong></span> <span class='ocrx_word' id='word_1_57' title='bbox 703 1083 768 1123; x_wconf 90' lang='lat' dir='ltr'><strong>oum</strong></span> <span class='ocrx_word' id='word_1_58' title='bbox 791 1065 847 1124; x_wconf 85' lang='lat' dir='ltr'><strong>fide</strong></span> <span class='ocrx_word' id='word_1_59' title='bbox 875 1066 1031 1124; x_wconf 85' lang='lat' dir='ltr'><strong>amioitiam</strong></span> <span class='ocrx_word' id='word_1_60' title='bbox 1058 1067 1150 1144; x_wconf 87' lang='lat' dir='ltr'><strong>ipsius</strong></span> 
     </span>
     <span class='ocr_line' id='line_1_9' title="bbox 137 1159 1152 1236; baseline 0 -17"><span class='ocrx_word' id='word_1_61' title='bbox 137 1159 281 1220; x_wconf 77' lang='lat' dir='ltr'><strong>mlusset.</strong></span> <span class='ocrx_word' id='word_1_62' title='bbox 325 1161 407 1220; x_wconf 90' lang='lat' dir='ltr'><strong>Duos</strong></span> <span class='ocrx_word' id='word_1_63' title='bbox 429 1161 476 1218; x_wconf 93' lang='lat' dir='ltr'><strong>illi</strong></span> <span class='ocrx_word' id='word_1_64' title='bbox 502 1163 624 1236; x_wconf 85' lang='lat' dir='ltr'><strong>juvenes</strong></span> <span class='ocrx_word' id='word_1_65' title='bbox 645 1167 728 1236; x_wconf 90' lang='lat' dir='ltr'><strong>patre</strong></span> <span class='ocrx_word' id='word_1_66' title='bbox 752 1161 895 1235; x_wconf 88' lang='lat' dir='ltr'><strong>tradente,</strong></span> <span class='ocrx_word' id='word_1_67' title='bbox 924 1181 1021 1221; x_wconf 90' lang='lat' dir='ltr'><strong>seeum</strong></span> <span class='ocrx_word' id='word_1_68' title='bbox 1047 1163 1152 1221; x_wconf 88' lang='lat' dir='ltr'><strong>milita·</strong></span> 
     </span>
     <span class='ocr_line' id='line_1_10' title="bbox 137 1253 1151 1334; baseline 0.002 -22"><span class='ocrx_word' id='word_1_69' title='bbox 137 1260 219 1314; x_wconf 87' lang='lat' dir='ltr'><strong>turos</strong></span> <span class='ocrx_word' id='word_1_70' title='bbox 242 1256 324 1334; x_wconf 87' lang='lat' dir='ltr'><strong>sequi</strong></span> <span class='ocrx_word' id='word_1_71' title='bbox 343 1255 443 1332; x_wconf 84' lang='lat' dir='ltr'><strong>jussit.</strong></span> <span class='ocrx_word' id='word_1_72' title='bbox 486 1254 606 1313; x_wconf 75' lang='lat' dir='ltr'><strong>Reliett</strong></span> <span class='ocrx_word' id='word_1_73' title='bbox 627 1253 732 1311; x_wconf 82' lang='lat' dir='ltr'><strong>deinde</strong></span> <span class='ocrx_word' id='word_1_74' title='bbox 752 1254 904 1333; x_wconf 78' lang='lat' dir='ltr'><strong>phalange,</strong></span> <span class='ocrx_word' id='word_1_75' title='bbox 918 1255 956 1314; x_wconf 88' lang='lat' dir='ltr'><strong>ad</strong></span> <span class='ocrx_word' id='word_1_76' title='bbox 977 1256 1151 1333; x_wconf 82' lang='lat' dir='ltr'><strong>subigendos</strong></span> 
     </span>
     <span class='ocr_line' id='line_1_11' title="bbox 136 1348 1152 1427; baseline 0 -19"><span class='ocrx_word' id='word_1_77' title='bbox 136 1349 189 1427; x_wconf 88' lang='lat' dir='ltr'><strong>qni</strong></span> <span class='ocrx_word' id='word_1_78' title='bbox 203 1350 378 1422; x_wconf 75' lang='lat' dir='ltr'><strong>desecarent,</strong></span> <span class='ocrx_word' id='word_1_79' title='bbox 392 1367 458 1406; x_wconf 88' lang='lat' dir='ltr'><strong>aum</strong></span> <span class='ocrx_word' id='word_1_80' title='bbox 480 1349 577 1426; x_wconf 90' lang='lat' dir='ltr'><strong>equite</strong></span> <span class='ocrx_word' id='word_1_81' title='bbox 597 1348 745 1424; x_wconf 77' lang='lat' dir='ltr'><strong>prooessit.</strong></span> <span class='ocrx_word' id='word_1_82' title='bbox 788 1348 925 1408; x_wconf 83' lang='lat' dir='ltr'><strong>Arduum</strong></span> <span class='ocrx_word' id='word_1_83' title='bbox 938 1356 968 1407; x_wconf 91' lang='lat' dir='ltr'><strong>et</strong></span> <span class='ocrx_word' id='word_1_84' title='bbox 981 1350 1152 1426; x_wconf 86' lang='lat' dir='ltr'><strong>impeditum</strong></span> 
     </span>
     <span class='ocr_line' id='line_1_12' title="bbox 139 1441 1153 1521; baseline 0.001 -19"><span class='ocrx_word' id='word_1_85' title='bbox 139 1444 220 1502; x_wconf 86' lang='lat' dir='ltr'><strong>saxis</strong></span> <span class='ocrx_word' id='word_1_86' title='bbox 241 1443 300 1501; x_wconf 91' lang='lat' dir='ltr'><strong>iter</strong></span> <span class='ocrx_word' id='word_1_87' title='bbox 320 1443 414 1520; x_wconf 87' lang='lat' dir='ltr'><strong>primd</strong></span> <span class='ocrx_word' id='word_1_88' title='bbox 427 1442 611 1520; x_wconf 62' lang='lat' dir='ltr'><strong>”utcumque</strong></span> <span class='ocrx_word' id='word_1_89' title='bbox 631 1441 801 1501; x_wconf 73' lang='lat' dir='ltr'><strong>tolerabant.</strong></span> <span class='ocrx_word' id='word_1_90' title='bbox 844 1441 916 1501; x_wconf 88' lang='lat' dir='ltr'><strong>Mox</strong></span> <span class='ocrx_word' id='word_1_91' title='bbox 938 1461 1076 1521; x_wconf 88' lang='lat' dir='ltr'><strong>equorum</strong></span> <span class='ocrx_word' id='word_1_92' title='bbox 1095 1463 1153 1504; x_wconf 89' lang='lat' dir='ltr'><strong>non</strong></span> 
     </span>
     <span class='ocr_line' id='line_1_13' title="bbox 139 1536 1153 1618; baseline 0.002 -22"><span class='ocrx_word' id='word_1_93' title='bbox 139 1537 367 1616; x_wconf 76' lang='lat' dir='ltr'><strong>ungulis-mode</strong></span> <span class='ocrx_word' id='word_1_94' title='bbox 390 1536 510 1611; x_wconf 77' lang='lat' dir='ltr'><strong>attritis,</strong></span> <span class='ocrx_word' id='word_1_95' title='bbox 533 1536 585 1595; x_wconf 89' lang='lat' dir='ltr'><strong>sed</strong></span> <span class='ocrx_word' id='word_1_96' title='bbox 609 1537 776 1614; x_wconf 75' lang='lat' dir='ltr'><strong>corporibus</strong></span> <span class='ocrx_word' id='word_1_97' title='bbox 800 1537 887 1595; x_wconf 89' lang='lat' dir='ltr'><strong>etiam</strong></span> <span class='ocrx_word' id='word_1_98' title='bbox 908 1537 1048 1617; x_wconf 83' lang='lat' dir='ltr'><strong>fatigatis,</strong></span> <span class='ocrx_word' id='word_1_99' title='bbox 1072 1538 1153 1618; x_wconf 89' lang='lat' dir='ltr'><strong>sequi</strong></span> 
     </span>
     <span class='ocr_line' id='line_1_14' title="bbox 140 1631 1152 1712; baseline 0.003 -22"><span class='ocrx_word' id='word_1_100' title='bbox 140 1631 274 1710; x_wconf 79' lang='lat' dir='ltr'><strong>plerique</strong></span> <span class='ocrx_word' id='word_1_101' title='bbox 295 1651 353 1692; x_wconf 92' lang='lat' dir='ltr'><strong>non</strong></span> <span class='ocrx_word' id='word_1_102' title='bbox 374 1639 518 1710; x_wconf 88' lang='lat' dir='ltr'><strong>poterant,</strong></span> <span class='ocrx_word' id='word_1_103' title='bbox 533 1639 564 1690; x_wconf 92' lang='lat' dir='ltr'><strong>et</strong></span> <span class='ocrx_word' id='word_1_104' title='bbox 585 1632 680 1691; x_wconf 88' lang='lat' dir='ltr'><strong>rarius</strong></span> <span class='ocrx_word' id='word_1_105' title='bbox 703 1632 825 1693; x_wconf 81' lang='lat' dir='ltr'><strong>subinde</strong></span> <span class='ocrx_word' id='word_1_106' title='bbox 840 1651 940 1710; x_wconf 80' lang='lat' dir='ltr'><strong>agmen</strong></span> <span class='ocrx_word' id='word_1_107' title='bbox 954 1633 1050 1710; x_wconf 86' lang='lat' dir='ltr'><strong>fiebat,</strong></span> <span class='ocrx_word' id='word_1_108' title='bbox 1064 1635 1152 1712; x_wconf 89' lang='lat' dir='ltr'><strong>pudo·</strong></span> 
     </span>
     <span class='ocr_line' id='line_1_15' title="bbox 140 1725 1154 1806; baseline 0.002 -22"><span class='ocrx_word' id='word_1_109' title='bbox 140 1745 203 1784; x_wconf 86' lang='lat' dir='ltr'><strong>rem</strong></span> <span class='ocrx_word' id='word_1_110' title='bbox 224 1725 304 1802; x_wconf 79' lang='lat' dir='ltr'><strong>⁸²(ut</strong></span> <span class='ocrx_word' id='word_1_111' title='bbox 324 1726 385 1786; x_wconf 78' lang='lat' dir='ltr'><strong>ferd</strong></span> <span class='ocrx_word' id='word_1_112' title='bbox 410 1727 455 1805; x_wconf 91' lang='lat' dir='ltr'><strong>fit)</strong></span> <span class='ocrx_word' id='word_1_113' title='bbox 479 1726 631 1786; x_wconf 78' lang='lat' dir='ltr'><strong>immodico</strong></span> <span class='ocrx_word' id='word_1_114' title='bbox 652 1725 751 1786; x_wconf 87' lang='lat' dir='ltr'><strong>labore</strong></span> <span class='ocrx_word' id='word_1_115' title='bbox 772 1727 913 1786; x_wconf 86' lang='lat' dir='ltr'><strong>viueente.</strong></span> <span class='ocrx_word' id='word_1_116' title='bbox 964 1727 1033 1786; x_wconf 86' lang='lat' dir='ltr'><strong>Rex</strong></span> <span class='ocrx_word' id='word_1_117' title='bbox 1054 1734 1154 1806; x_wconf 79' lang='lat' dir='ltr'><strong>tamen</strong></span> 
     </span>
     <span class='ocr_line' id='line_1_16' title="bbox 140 1821 1155 1903; baseline 0.001 -21"><span class='ocrx_word' id='word_1_118' title='bbox 140 1821 263 1882; x_wconf 77' lang='lat' dir='ltr'><strong>subinde</strong></span> <span class='ocrx_word' id='word_1_119' title='bbox 282 1841 370 1900; x_wconf 86' lang='lat' dir='ltr'><strong>eques</strong></span> <span class='ocrx_word' id='word_1_120' title='bbox 393 1822 597 1896; x_wconf 64' lang='lat' dir='ltr'><strong>melanesius</strong></span> <span class='ocrx_word' id='word_1_121' title='bbox 621 1822 834 1881; x_wconf 80' lang='lat' dir='ltr'><strong>intermissione</strong></span> <span class='ocrx_word' id='word_1_122' title='bbox 855 1822 1001 1902; x_wconf 83' lang='lat' dir='ltr'><strong>fugientes</strong></span> <span class='ocrx_word' id='word_1_123' title='bbox 1023 1824 1155 1903; x_wconf 89' lang='lat' dir='ltr'><strong>inseque-</strong></span> 
     </span>
     <span class='ocr_line' id='line_1_17' title="bbox 140 1915 1152 1994; baseline -0.002 -14"><span class='ocrx_word' id='word_1_124' title='bbox 140 1917 234 1980; x_wconf 87' lang='lat' dir='ltr'><strong>batur.</strong></span> <span class='ocrx_word' id='word_1_125' title='bbox 288 1917 412 1978; x_wconf 80' lang='lat' dir='ltr'><strong>Nobiles</strong></span> <span class='ocrx_word' id='word_1_126' title='bbox 436 1915 718 1994; x_wconf 80' lang='lat' dir='ltr'><strong>juvenesoomitari</strong></span> <span class='ocrx_word' id='word_1_127' title='bbox 747 1935 814 1976; x_wconf 87' lang='lat' dir='ltr'><strong>eum</strong></span> <span class='ocrx_word' id='word_1_128' title='bbox 842 1919 922 1977; x_wconf 90' lang='lat' dir='ltr'><strong>soliti</strong></span> <span class='ocrx_word' id='word_1_129' title='bbox 949 1919 1152 1993; x_wconf 73' lang='lat' dir='ltr'><strong>”deferes-ant,</strong></span> 
     </span>
     <span class='ocr_line' id='line_1_18' title="bbox 140 2012 1154 2092; baseline -0.002 -20"><span class='ocrx_word' id='word_1_130' title='bbox 140 2021 248 2092; x_wconf 87' lang='lat' dir='ltr'><strong>praeter</strong></span> <span class='ocrx_word' id='word_1_131' title='bbox 275 2013 464 2090; x_wconf 74' lang='lat' dir='ltr'><strong>Philippum,</strong></span> <span class='ocrx_word' id='word_1_132' title='bbox 501 2012 668 2089; x_wconf 74' lang='lat' dir='ltr'><strong>Lysimachi</strong></span> <span class='ocrx_word' id='word_1_133' title='bbox 701 2019 765 2070; x_wconf 90' lang='lat' dir='ltr'><strong>erat</strong></span> <span class='ocrx_word' id='word_1_134' title='bbox 799 2013 901 2088; x_wconf 74' lang='lat' dir='ltr'><strong>irater,</strong></span> <span class='ocrx_word' id='word_1_135' title='bbox 929 2017 992 2072; x_wconf 79' lang='lat' dir='ltr'><strong>tim</strong></span> <span class='ocrx_word' id='word_1_136' title='bbox 1025 2014 1154 2091; x_wconf 84' lang='lat' dir='ltr'><strong>primdm</strong></span> 
     </span>
     <span class='ocr_line' id='line_1_19' title="bbox 142 2106 1155 2185; baseline -0.002 -17"><span class='ocrx_word' id='word_1_137' title='bbox 142 2109 271 2180; x_wconf 80' lang='lat' dir='ltr'><strong>adultus,</strong></span> <span class='ocrx_word' id='word_1_138' title='bbox 296 2115 326 2166; x_wconf 90' lang='lat' dir='ltr'><strong>et</strong></span> <span class='ocrx_word' id='word_1_139' title='bbox 351 2107 430 2185; x_wconf 88' lang='lat' dir='ltr'><strong>quod</strong></span> <span class='ocrx_word' id='word_1_140' title='bbox 456 2107 542 2164; x_wconf 73' lang='lat' dir='ltr'><strong>facile</strong></span> <span class='ocrx_word' id='word_1_141' title='bbox 568 2113 729 2184; x_wconf 77' lang='lat' dir='ltr'><strong>appareret,</strong></span> <span class='ocrx_word' id='word_1_142' title='bbox 751 2106 859 2165; x_wconf 89' lang='lat' dir='ltr'><strong>indolis</strong></span> <span class='ocrx_word' id='word_1_143' title='bbox 882 2127 966 2166; x_wconf 85' lang='lat' dir='ltr'><strong>rarae.</strong></span> <span class='ocrx_word' id='word_1_144' title='bbox 1009 2108 1042 2166; x_wconf 87' lang='lat' dir='ltr'><strong>Is</strong></span> <span class='ocrx_word' id='word_1_145' title='bbox 1065 2108 1155 2185; x_wconf 86' lang='lat' dir='ltr'><strong>pedo&#39;s</strong></span> 
     </span>
     <span class='ocr_line' id='line_1_20' title="bbox 144 2200 1155 2279; baseline -0.002 -19"><span class='ocrx_word' id='word_1_146' title='bbox 144 2201 327 2278; x_wconf 85' lang='lat' dir='ltr'><strong>(inoredibile</strong></span> <span class='ocrx_word' id='word_1_147' title='bbox 349 2202 441 2279; x_wconf 85' lang='lat' dir='ltr'><strong>dieto)</strong></span> <span class='ocrx_word' id='word_1_148' title='bbox 456 2221 508 2278; x_wconf 88' lang='lat' dir='ltr'><strong>per</strong></span> <span class='ocrx_word' id='word_1_149' title='bbox 530 2201 655 2258; x_wconf 84' lang='lat' dir='ltr'><strong>ducenta</strong></span> <span class='ocrx_word' id='word_1_150' title='bbox 668 2201 763 2259; x_wconf 88' lang='lat' dir='ltr'><strong>stadia</strong></span> <span class='ocrx_word' id='word_1_151' title='bbox 777 2200 921 2260; x_wconf 74' lang='lat' dir='ltr'><strong>“veebum</strong></span> <span class='ocrx_word' id='word_1_152' title='bbox 944 2202 1056 2278; x_wconf 85' lang='lat' dir='ltr'><strong>Regem</strong></span> <span class='ocrx_word' id='word_1_153' title='bbox 1070 2201 1155 2259; x_wconf 84' lang='lat' dir='ltr'><strong>eomi-</strong></span> 
     </span>
     <span class='ocr_line' id='line_1_21' title="bbox 141 2295 1155 2374; baseline -0.003 -18"><span class='ocrx_word' id='word_1_154' title='bbox 141 2303 223 2356; x_wconf 84' lang='lat' dir='ltr'><strong>tatus</strong></span> <span class='ocrx_word' id='word_1_155' title='bbox 235 2303 290 2370; x_wconf 87' lang='lat' dir='ltr'><strong>est,</strong></span> <span class='ocrx_word' id='word_1_156' title='bbox 305 2315 381 2373; x_wconf 86' lang='lat' dir='ltr'><strong>saepe</strong></span> <span class='ocrx_word' id='word_1_157' title='bbox 395 2312 500 2374; x_wconf 89' lang='lat' dir='ltr'><strong>equum</strong></span> <span class='ocrx_word' id='word_1_158' title='bbox 514 2315 598 2354; x_wconf 86' lang='lat' dir='ltr'><strong>suum</strong></span> <span class='ocrx_word' id='word_1_159' title='bbox 612 2295 747 2353; x_wconf 81' lang='lat' dir='ltr'><strong>offerente</strong></span> <span class='ocrx_word' id='word_1_160' title='bbox 770 2295 963 2371; x_wconf 86' lang='lat' dir='ltr'><strong>Lysimaoho:</strong></span> <span class='ocrx_word' id='word_1_161' title='bbox 984 2313 1037 2354; x_wconf 91' lang='lat' dir='ltr'><strong>nee</strong></span> <span class='ocrx_word' id='word_1_162' title='bbox 1058 2302 1155 2354; x_wconf 87' lang='lat' dir='ltr'><strong>tamen</strong></span> 
     </span>
     <span class='ocr_line' id='line_1_22' title="bbox 143 2390 1156 2471; baseline -0.004 -19"><span class='ocrx_word' id='word_1_163' title='bbox 143 2401 177 2452; x_wconf 88' lang='lat' dir='ltr'><strong>ut</strong></span> <span class='ocrx_word' id='word_1_164' title='bbox 201 2391 403 2471; x_wconf 85' lang='lat' dir='ltr'><strong>digrederetur</strong></span> <span class='ocrx_word' id='word_1_165' title='bbox 430 2411 448 2449; x_wconf 90' lang='lat' dir='ltr'><strong>a</strong></span> <span class='ocrx_word' id='word_1_166' title='bbox 475 2391 558 2469; x_wconf 86' lang='lat' dir='ltr'><strong>Rege</strong></span> <span class='ocrx_word' id='word_1_167' title='bbox 579 2390 652 2450; x_wconf 84' lang='lat' dir='ltr'><strong>effici</strong></span> <span class='ocrx_word' id='word_1_168' title='bbox 678 2390 783 2468; x_wconf 90' lang='lat' dir='ltr'><strong>potuit,</strong></span> <span class='ocrx_word' id='word_1_169' title='bbox 804 2390 902 2448; x_wconf 78' lang='lat' dir='ltr'><strong>¹⁶od1n</strong></span> <span class='ocrx_word' id='word_1_170' title='bbox 922 2390 1014 2450; x_wconf 75' lang='lat' dir='ltr'><strong>loriea</strong></span> <span class='ocrx_word' id='word_1_171' title='bbox 1035 2391 1156 2449; x_wconf 86' lang='lat' dir='ltr'><strong>indutus</strong></span> 
     </span>
     <span class='ocr_line' id='line_1_23' title="bbox 144 2471 1158 2565; baseline -0.001 -20"><span class='ocrx_word' id='word_1_172' title='bbox 144 2507 224 2546; x_wconf 81' lang='lat' dir='ltr'><strong>erma</strong></span> <span class='ocrx_word' id='word_1_173' title='bbox 236 2493 371 2564; x_wconf 80' lang='lat' dir='ltr'><strong>gestaret.</strong></span> <span class='ocrx_word' id='word_1_174' title='bbox 415 2485 510 2560; x_wconf 91' lang='lat' dir='ltr'><strong>Idem,</strong></span> <span class='ocrx_word' id='word_1_175' title='bbox 524 2486 592 2543; x_wconf 82' lang='lat' dir='ltr'><strong>erim</strong></span> <span class='ocrx_word' id='word_1_176' title='bbox 605 2471 777 2562; x_wconf 79' lang='lat' dir='ltr'><strong>perventum</strong></span> <span class='ocrx_word' id='word_1_177' title='bbox 791 2492 869 2544; x_wconf 87' lang='lat' dir='ltr'><strong>esset</strong></span> <span class='ocrx_word' id='word_1_178' title='bbox 882 2485 912 2543; x_wconf 90' lang='lat' dir='ltr'><strong>in</strong></span> <span class='ocrx_word' id='word_1_179' title='bbox 927 2486 1042 2561; x_wconf 86' lang='lat' dir='ltr'><strong>saltum,</strong></span> <span class='ocrx_word' id='word_1_180' title='bbox 1057 2486 1087 2544; x_wconf 92' lang='lat' dir='ltr'><strong>iu</strong></span> <span class='ocrx_word' id='word_1_181' title='bbox 1098 2504 1158 2565; x_wconf 90' lang='lat' dir='ltr'><strong>quo</strong></span> 
     </span>
     <span class='ocr_line' id='line_1_24' title="bbox 145 2580 1156 2660; baseline -0.003 -16"><span class='ocrx_word' id='word_1_182' title='bbox 145 2601 177 2644; x_wconf 88' lang='lat' dir='ltr'><strong>ee</strong></span> <span class='ocrx_word' id='word_1_183' title='bbox 198 2582 322 2642; x_wconf 86' lang='lat' dir='ltr'><strong>Barbari</strong></span> <span class='ocrx_word' id='word_1_184' title='bbox 344 2581 527 2655; x_wconf 75' lang='lat' dir='ltr'><strong>abdiderant,</strong></span> <span class='ocrx_word' id='word_1_185' title='bbox 551 2581 678 2640; x_wconf 86' lang='lat' dir='ltr'><strong>nobilem</strong></span> <span class='ocrx_word' id='word_1_186' title='bbox 706 2580 799 2640; x_wconf 89' lang='lat' dir='ltr'><strong>edidit</strong></span> <span class='ocrx_word' id='word_1_187' title='bbox 825 2599 959 2659; x_wconf 87' lang='lat' dir='ltr'><strong>pugnam,</strong></span> <span class='ocrx_word' id='word_1_188' title='bbox 987 2582 1156 2660; x_wconf 87' lang='lat' dir='ltr'><strong>Regemquo</strong></span> 
     </span>
     <span class='ocr_line' id='line_1_25' title="bbox 146 2677 1156 2755; baseline -0.004 -17"><span class='ocrx_word' id='word_1_189' title='bbox 146 2679 276 2738; x_wconf 72' lang='lat' dir='ltr'><strong>eominus</strong></span> <span class='ocrx_word' id='word_1_190' title='bbox 303 2698 368 2738; x_wconf 88' lang='lat' dir='ltr'><strong>eum</strong></span> <span class='ocrx_word' id='word_1_191' title='bbox 396 2678 480 2736; x_wconf 85' lang='lat' dir='ltr'><strong>hoste</strong></span> <span class='ocrx_word' id='word_1_192' title='bbox 507 2677 693 2735; x_wconf 80' lang='lat' dir='ltr'><strong>dimicantem</strong></span> <span class='ocrx_word' id='word_1_193' title='bbox 716 2677 853 2754; x_wconf 86' lang='lat' dir='ltr'><strong>protexit.</strong></span> <span class='ocrx_word' id='word_1_194' title='bbox 915 2677 974 2738; x_wconf 85' lang='lat' dir='ltr'><strong>Sed</strong></span> <span class='ocrx_word' id='word_1_195' title='bbox 1000 2679 1156 2755; x_wconf 71' lang='lat' dir='ltr'><strong>postquam</strong></span> 
     </span>
     <span class='ocr_line' id='line_1_26' title="bbox 146 2771 1156 2850; baseline -0.005 -16"><span class='ocrx_word' id='word_1_196' title='bbox 146 2775 271 2834; x_wconf 89' lang='lat' dir='ltr'><strong>Barbari</strong></span> <span class='ocrx_word' id='word_1_197' title='bbox 297 2775 328 2832; x_wconf 90' lang='lat' dir='ltr'><strong>in</strong></span> <span class='ocrx_word' id='word_1_198' title='bbox 353 2775 453 2850; x_wconf 86' lang='lat' dir='ltr'><strong>fugam</strong></span> <span class='ocrx_word' id='word_1_199' title='bbox 475 2772 559 2830; x_wconf 85' lang='lat' dir='ltr'><strong>effusi</strong></span> <span class='ocrx_word' id='word_1_200' title='bbox 585 2771 740 2830; x_wconf 83' lang='lat' dir='ltr'><strong>deseruere</strong></span> <span class='ocrx_word' id='word_1_201' title='bbox 768 2772 873 2849; x_wconf 80' lang='lat' dir='ltr'><strong>sylvas,</strong></span> <span class='ocrx_word' id='word_1_202' title='bbox 901 2771 1022 2848; x_wconf 89' lang='lat' dir='ltr'><strong>animus,</strong></span> <span class='ocrx_word' id='word_1_203' title='bbox 1049 2773 1100 2850; x_wconf 91' lang='lat' dir='ltr'><strong>qni</strong></span> <span class='ocrx_word' id='word_1_204' title='bbox 1126 2771 1156 2830; x_wconf 89' lang='lat' dir='ltr'><strong>in</strong></span> 
     </span>
     <span class='ocr_line' id='line_1_27' title="bbox 147 2865 1157 2944; baseline -0.004 -16"><span class='ocrx_word' id='word_1_205' title='bbox 147 2871 251 2928; x_wconf 82' lang='lat' dir='ltr'><strong>ardore</strong></span> <span class='ocrx_word' id='word_1_206' title='bbox 265 2887 369 2944; x_wconf 87' lang='lat' dir='ltr'><strong>pugnae</strong></span> <span class='ocrx_word' id='word_1_207' title='bbox 380 2886 484 2944; x_wconf 87' lang='lat' dir='ltr'><strong>eorpus</strong></span> <span class='ocrx_word' id='word_1_208' title='bbox 496 2874 720 2940; x_wconf 85' lang='lat' dir='ltr'><strong>sustentaverat,</strong></span> <span class='ocrx_word' id='word_1_209' title='bbox 734 2867 838 2944; x_wconf 87' lang='lat' dir='ltr'><strong>liquit:</strong></span> <span class='ocrx_word' id='word_1_210' title='bbox 854 2865 1009 2944; x_wconf 86' lang='lat' dir='ltr'><strong>subitoque</strong></span> <span class='ocrx_word' id='word_1_211' title='bbox 1019 2885 1057 2925; x_wconf 84' lang='lat' dir='ltr'><strong>ex</strong></span> <span class='ocrx_word' id='word_1_212' title='bbox 1071 2867 1157 2924; x_wconf 85' lang='lat' dir='ltr'><strong>omni·</strong></span> 
     </span>
     <span class='ocr_line' id='line_1_28' title="bbox 147 2960 1158 3039; baseline -0.002 -15"><span class='ocrx_word' id='word_1_213' title='bbox 147 2963 204 3024; x_wconf 88' lang='lat' dir='ltr'><strong>bus</strong></span> <span class='ocrx_word' id='word_1_214' title='bbox 226 2961 363 3020; x_wconf 85' lang='lat' dir='ltr'><strong>membris</strong></span> <span class='ocrx_word' id='word_1_215' title='bbox 389 2961 508 3038; x_wconf 85' lang='lat' dir='ltr'><strong>profuso</strong></span> <span class='ocrx_word' id='word_1_216' title='bbox 531 2961 644 3036; x_wconf 86' lang='lat' dir='ltr'><strong>sudore,</strong></span> <span class='ocrx_word' id='word_1_217' title='bbox 670 2960 782 3020; x_wconf 84' lang='lat' dir='ltr'><strong>arboris</strong></span> <span class='ocrx_word' id='word_1_218' title='bbox 812 2960 952 3037; x_wconf 81' lang='lat' dir='ltr'><strong>proximae</strong></span> <span class='ocrx_word' id='word_1_219' title='bbox 979 2961 1073 3039; x_wconf 88' lang='lat' dir='ltr'><strong>stipiti</strong></span> <span class='ocrx_word' id='word_1_220' title='bbox 1100 2961 1158 3022; x_wconf 73' lang='lat' dir='ltr'><strong>”se</strong></span> 
     </span>
     <span class='ocr_line' id='line_1_29' title="bbox 147 3054 1150 3136; baseline -0.004 -18"><span class='ocrx_word' id='word_1_221' title='bbox 147 3057 299 3136; x_wconf 78' lang='lat' dir='ltr'><strong>applicuit.</strong></span> <span class='ocrx_word' id='word_1_222' title='bbox 352 3055 477 3129; x_wconf 76' lang='lat' dir='ltr'><strong>Deinde,</strong></span> <span class='ocrx_word' id='word_1_223' title='bbox 501 3074 538 3113; x_wconf 90' lang='lat' dir='ltr'><strong>ne</strong></span> <span class='ocrx_word' id='word_1_224' title='bbox 562 3056 614 3114; x_wconf 90' lang='lat' dir='ltr'><strong>illo</strong></span> <span class='ocrx_word' id='word_1_225' title='bbox 640 3055 758 3134; x_wconf 89' lang='lat' dir='ltr'><strong>quidem</strong></span> <span class='ocrx_word' id='word_1_226' title='bbox 786 3054 960 3114; x_wconf 77' lang='lat' dir='ltr'><strong>adminiculo</strong></span> <span class='ocrx_word' id='word_1_227' title='bbox 988 3057 1150 3116; x_wconf 88' lang='lat' dir='ltr'><strong>sustinente</strong></span> 
     </span>
     <span class='ocr_line' id='line_1_30' title="bbox 147 3150 1152 3230; baseline -0.002 -17"><span class='ocrx_word' id='word_1_228' title='bbox 147 3153 282 3214; x_wconf 85' lang='lat' dir='ltr'><strong>manibus</strong></span> <span class='ocrx_word' id='word_1_229' title='bbox 304 3151 397 3230; x_wconf 88' lang='lat' dir='ltr'><strong>Regis</strong></span> <span class='ocrx_word' id='word_1_230' title='bbox 419 3157 556 3228; x_wconf 86' lang='lat' dir='ltr'><strong>exeeptus</strong></span> <span class='ocrx_word' id='word_1_231' title='bbox 578 3156 640 3225; x_wconf 79' lang='lat' dir='ltr'><strong>est3</strong></span> <span class='ocrx_word' id='word_1_232' title='bbox 663 3150 740 3208; x_wconf 90' lang='lat' dir='ltr'><strong>inter</strong></span> <span class='ocrx_word' id='word_1_233' title='bbox 762 3168 835 3228; x_wconf 89' lang='lat' dir='ltr'><strong>quas</strong></span> <span class='ocrx_word' id='word_1_234' title='bbox 854 3150 997 3229; x_wconf 87' lang='lat' dir='ltr'><strong>oollapsus</strong></span> <span class='ocrx_word' id='word_1_235' title='bbox 1019 3153 1152 3230; x_wconf 74' lang='lat' dir='ltr'><strong>extingui</strong></span> 
     </span>
     <span class='ocr_line' id='line_1_31' title="bbox 148 3231 1170 3326; baseline 0.002 -18"><span class='ocrx_word' id='word_1_236' title='bbox 148 3257 207 3308; x_wconf 85' lang='lat' dir='ltr'><strong>tur.</strong></span> <span class='ocrx_word' id='word_1_237' title='bbox 250 3247 390 3307; x_wconf 86' lang='lat' dir='ltr'><strong>Moestum</strong></span> <span class='ocrx_word' id='word_1_238' title='bbox 412 3245 526 3324; x_wconf 87' lang='lat' dir='ltr'><strong>Regem</strong></span> <span class='ocrx_word' id='word_1_239' title='bbox 550 3244 626 3303; x_wconf 87' lang='lat' dir='ltr'><strong>alius</strong></span> <span class='ocrx_word' id='word_1_240' title='bbox 646 3243 725 3302; x_wconf 90' lang='lat' dir='ltr'><strong>haud</strong></span> <span class='ocrx_word' id='word_1_241' title='bbox 748 3231 820 3305; x_wconf 81' lang='lat' dir='ltr'><strong>levis</strong></span> <span class='ocrx_word' id='word_1_242' title='bbox 835 3245 917 3305; x_wconf 85' lang='lat' dir='ltr'><strong>dolor</strong></span> <span class='ocrx_word' id='word_1_243' title='bbox 931 3248 1052 3326; x_wconf 83' lang='lat' dir='ltr'><strong>excepit.</strong></span> <span class='ocrx_word' id='word_1_244' title='bbox 1096 3247 1170 3310; x_wconf 52' lang='lat' dir='ltr'><strong>Eris</strong></span> 
     </span>
     <span class='ocr_line' id='line_1_32' title="bbox 148 3339 1161 3422; baseline -0.006 -20"><span class='ocrx_word' id='word_1_245' title='bbox 148 3345 233 3422; x_wconf 81' lang='lat' dir='ltr'><strong>gyius</strong></span> <span class='ocrx_word' id='word_1_246' title='bbox 255 3344 333 3402; x_wconf 87' lang='lat' dir='ltr'><strong>iuter</strong></span> <span class='ocrx_word' id='word_1_247' title='bbox 355 3342 449 3402; x_wconf 87' lang='lat' dir='ltr'><strong>olaros</strong></span> <span class='ocrx_word' id='word_1_248' title='bbox 463 3341 551 3400; x_wconf 89' lang='lat' dir='ltr'><strong>duoes</strong></span> <span class='ocrx_word' id='word_1_249' title='bbox 572 3340 677 3414; x_wconf 83' lang='lat' dir='ltr'><strong>fuerat,</strong></span> <span class='ocrx_word' id='word_1_250' title='bbox 691 3359 776 3418; x_wconf 85' lang='lat' dir='ltr'><strong>quem</strong></span> <span class='ocrx_word' id='word_1_251' title='bbox 798 3341 960 3401; x_wconf 78' lang='lat' dir='ltr'><strong>extinctum</strong></span> <span class='ocrx_word' id='word_1_252' title='bbox 980 3361 1052 3415; x_wconf 87' lang='lat' dir='ltr'><strong>esee,</strong></span> <span class='ocrx_word' id='word_1_253' title='bbox 1072 3339 1161 3418; x_wconf 84' lang='lat' dir='ltr'><strong>pauld</strong></span> 
     </span>
     <span class='ocr_line' id='line_1_33' title="bbox 149 3435 1161 3518; baseline -0.007 -19"><span class='ocrx_word' id='word_1_254' title='bbox 149 3441 218 3499; x_wconf 77' lang='lat' dir='ltr'><strong>autel</strong></span> <span class='ocrx_word' id='word_1_255' title='bbox 232 3441 319 3518; x_wconf 74' lang='lat' dir='ltr'><strong>quam</strong></span> <span class='ocrx_word' id='word_1_256' title='bbox 331 3443 527 3498; x_wconf 82' lang='lat' dir='ltr'><strong>reverteretur</strong></span> <span class='ocrx_word' id='word_1_257' title='bbox 545 3437 577 3494; x_wconf 89' lang='lat' dir='ltr'><strong>in</strong></span> <span class='ocrx_word' id='word_1_258' title='bbox 597 3442 700 3509; x_wconf 88' lang='lat' dir='ltr'><strong>eastra,</strong></span> <span class='ocrx_word' id='word_1_259' title='bbox 715 3436 857 3514; x_wconf 82' lang='lat' dir='ltr'><strong>eognovit.</strong></span> <span class='ocrx_word' id='word_1_260' title='bbox 899 3437 1060 3514; x_wconf 84' lang='lat' dir='ltr'><strong>Utriusque</strong></span> <span class='ocrx_word' id='word_1_261' title='bbox 1074 3435 1161 3492; x_wconf 83' lang='lat' dir='ltr'><strong>funus</strong></span> 
     </span>
     <span class='ocr_line' id='line_1_34' title="bbox 149 3531 856 3612; baseline -0.007 -17"><span class='ocrx_word' id='word_1_262' title='bbox 149 3535 228 3596; x_wconf 89' lang='lat' dir='ltr'><strong>omui</strong></span> <span class='ocrx_word' id='word_1_263' title='bbox 242 3541 381 3612; x_wconf 87' lang='lat' dir='ltr'><strong>apparatu</strong></span> <span class='ocrx_word' id='word_1_264' title='bbox 394 3540 480 3612; x_wconf 87' lang='lat' dir='ltr'><strong>atque</strong></span> <span class='ocrx_word' id='word_1_265' title='bbox 490 3533 598 3591; x_wconf 90' lang='lat' dir='ltr'><strong>honore</strong></span> <span class='ocrx_word' id='word_1_266' title='bbox 612 3531 789 3591; x_wconf 86' lang='lat' dir='ltr'><strong>eelebratum</strong></span> <span class='ocrx_word' id='word_1_267' title='bbox 803 3539 856 3590; x_wconf 88' lang='lat' dir='ltr'><strong>est.</strong></span> 
     </span>
    </p>

    <p class='ocr_par' dir='ltr' id='par_1_6' title="bbox 153 3623 1164 3897">
     <span class='ocr_line' id='line_1_35' title="bbox 212 3623 1162 3702; baseline -0.006 -14"><span class='ocrx_word' id='word_1_268' title='bbox 212 3629 277 3688; x_wconf 90' lang='lat' dir='ltr'>III.</span> <span class='ocrx_word' id='word_1_269' title='bbox 303 3633 346 3687; x_wconf 80' lang='lat'><strong>12.</strong></span> <span class='ocrx_word' id='word_1_270' title='bbox 376 3628 474 3687; x_wconf 85' lang='lat' dir='ltr'><strong>Dahas</strong></span> <span class='ocrx_word' id='word_1_271' title='bbox 501 3627 606 3686; x_wconf 79' lang='lat' dir='ltr'><strong>deinde</strong></span> <span class='ocrx_word' id='word_1_272' title='bbox 643 3633 788 3686; x_wconf 86' lang='lat' dir='ltr'><strong>statuerat</strong></span> <span class='ocrx_word' id='word_1_273' title='bbox 820 3631 936 3702; x_wconf 89' lang='lat' dir='ltr'><strong>petere:</strong></span> <span class='ocrx_word' id='word_1_274' title='bbox 972 3623 1013 3681; x_wconf 92' lang='lat' dir='ltr'><strong>ibi</strong></span> <span class='ocrx_word' id='word_1_275' title='bbox 1039 3641 1162 3700; x_wconf 85' lang='lat' dir='ltr'><strong>nemque</strong></span> 
     </span>
     <span class='ocr_line' id='line_1_36' title="bbox 153 3716 1163 3802; baseline -0.008 -19"><span class='ocrx_word' id='word_1_276' title='bbox 153 3725 348 3802; x_wconf 84' lang='lat' dir='ltr'><strong>Spitamenem</strong></span> <span class='ocrx_word' id='word_1_277' title='bbox 372 3739 435 3781; x_wconf 88' lang='lat' dir='ltr'><strong>esse</strong></span> <span class='ocrx_word' id='word_1_278' title='bbox 460 3728 639 3799; x_wconf 83' lang='lat' dir='ltr'><strong>eognoverat</strong></span> <span class='ocrx_word' id='word_1_279' title='bbox 683 3721 761 3793; x_wconf 81' lang='lat' dir='ltr'><strong>²Sed</strong></span> <span class='ocrx_word' id='word_1_280' title='bbox 781 3720 854 3776; x_wconf 87' lang='lat' dir='ltr'><strong>haue</strong></span> <span class='ocrx_word' id='word_1_281' title='bbox 874 3733 987 3793; x_wconf 87' lang='lat' dir='ltr'><strong>quoque</strong></span> <span class='ocrx_word' id='word_1_282' title='bbox 1008 3716 1163 3794; x_wconf 78' lang='lat' dir='ltr'><strong>expeditio</strong></span> 
     </span>
     <span class='ocr_line' id='line_1_37' title="bbox 155 3810 1164 3897; baseline -0.006 -19"><span class='ocrx_word' id='word_1_283' title='bbox 155 3841 228 3894; x_wconf 88' lang='lat' dir='ltr'><strong>nem,</strong></span> <span class='ocrx_word' id='word_1_284' title='bbox 242 3825 277 3878; x_wconf 90' lang='lat' dir='ltr'><strong>ut</strong></span> <span class='ocrx_word' id='word_1_285' title='bbox 290 3819 427 3897; x_wconf 84' lang='lat' dir='ltr'><strong>pleraque</strong></span> <span class='ocrx_word' id='word_1_286' title='bbox 441 3817 507 3890; x_wconf 81' lang='lat' dir='ltr'><strong>alia,</strong></span> <span class='ocrx_word' id='word_1_287' title='bbox 515 3817 642 3890; x_wconf 85' lang='lat' dir='ltr'><strong>fortuna,</strong></span> <span class='ocrx_word' id='word_1_288' title='bbox 653 3812 829 3892; x_wconf 84' lang='lat' dir='ltr'><strong>indulgendo</strong></span> <span class='ocrx_word' id='word_1_289' title='bbox 838 3810 866 3869; x_wconf 93' lang='lat' dir='ltr'><strong>ei</strong></span> <span class='ocrx_word' id='word_1_290' title='bbox 879 3829 1025 3889; x_wconf 89' lang='lat' dir='ltr'><strong>nunquam</strong></span> <span class='ocrx_word' id='word_1_291' title='bbox 1033 3812 1164 3892; x_wconf 79' lang='lat' dir='ltr'><strong>fatigata,</strong></span> 
     </span>
    </p>
   </div>
   <div class='ocr_carea' id='block_1_5' title="bbox 0 0 1342 4386">
    <p class='ocr_par' dir='ltr' id='par_1_7' title="bbox 0 0 1342 4386">
     <span class='ocr_line' id='line_1_38' title="bbox 0 0 1342 4386; baseline 0 0"><span class='ocrx_word' id='word_1_292' title='bbox 0 0 1342 4386; x_wconf 95' lang='lat' dir='ltr'><strong> </strong></span> 
     </span>
    </p>
   </div>
  </div>
 </body>
</html>
