<?xml version="1.0" encoding="UTF-8"?>
<!DOCTYPE html PUBLIC "-//W3C//DTD XHTML 1.0 Transitional//EN"
    "http://www.w3.org/TR/xhtml1/DTD/xhtml1-transitional.dtd">
<html xmlns="http://www.w3.org/1999/xhtml" xml:lang="en" lang="en">
 <head>
  <title>
</title>
<meta http-equiv="Content-Type" content="text/html;charset=utf-8" />
  <meta name='ocr-system' content='tesseract 3.04.00' />
  <meta name='ocr-capabilities' content='ocr_page ocr_carea ocr_par ocr_line ocrx_word'/>
</head>
<body>
  <div class='ocr_page' id='page_1' title='image "./quintuscurtiusr00cellgoog_0141.png"; bbox 0 0 2520 4390; ppageno 0'>
   <div class='ocr_carea' id='block_1_1' title="bbox 189 373 840 439">
    <p class='ocr_par' dir='ltr' id='par_1_1' title="bbox 189 373 840 439">
     <span class='ocr_line' id='line_1_1' title="bbox 189 373 840 439; baseline -0.008 -7"><span class='ocrx_word' id='word_1_1' title='bbox 189 373 244 432; x_wconf 78' lang='lat'><strong>126</strong></span> <span class='ocrx_word' id='word_1_2' title='bbox 533 387 671 439; x_wconf 72' lang='lat' dir='ltr'><strong>nurum</strong></span> <span class='ocrx_word' id='word_1_3' title='bbox 699 385 840 429; x_wconf 80' lang='lat' dir='ltr'><strong>caeru</strong></span> 
     </span>
    </p>
   </div>
   <div class='ocr_carea' id='block_1_2' title="bbox 178 523 1227 1746">
    <p class='ocr_par' dir='ltr' id='par_1_2' title="bbox 178 523 1227 1746">
     <span class='ocr_line' id='line_1_2' title="bbox 182 523 1227 605; baseline -0.005 -18"><span class='ocrx_word' id='word_1_4' title='bbox 182 525 347 605; x_wconf 77' lang='lat' dir='ltr'><strong>conjuratos</strong></span> <span class='ocrx_word' id='word_1_5' title='bbox 361 526 586 604; x_wconf 88' lang='lat' dir='ltr'><strong>pulcherrimum</strong></span> <span class='ocrx_word' id='word_1_6' title='bbox 600 527 712 586; x_wconf 80' lang='lat' dir='ltr'><strong>facinus</strong></span> <span class='ocrx_word' id='word_1_7' title='bbox 726 523 936 587; x_wconf 86' lang='lat' dir='ltr'><strong>inchoaturos.”</strong></span> <span class='ocrx_word' id='word_1_8' title='bbox 971 523 1089 584; x_wconf 68' lang='lat' dir='ltr'><strong>&#39;Alius</strong></span> <span class='ocrx_word' id='word_1_9' title='bbox 1105 523 1227 584; x_wconf 75' lang='lat' dir='ltr'><strong>deinde</strong></span> 
     </span>
     <span class='ocr_line' id='line_1_3' title="bbox 181 621 1227 698; baseline -0.004 -16"><span class='ocrx_word' id='word_1_10' title='bbox 181 622 384 682; x_wconf 83' lang='lat' dir='ltr'><strong>effoeminatum</strong></span> <span class='ocrx_word' id='word_1_11' title='bbox 399 631 428 681; x_wconf 90' lang='lat' dir='ltr'><strong>et</strong></span> <span class='ocrx_word' id='word_1_12' title='bbox 441 623 624 684; x_wconf 77' lang='lat' dir='ltr'><strong>muliebriter</strong></span> <span class='ocrx_word' id='word_1_13' title='bbox 633 621 778 698; x_wconf 88' lang='lat' dir='ltr'><strong>timidum,</strong></span> <span class='ocrx_word' id='word_1_14' title='bbox 789 622 863 680; x_wconf 73' lang='lat' dir='ltr'><strong>alias</strong></span> <span class='ocrx_word' id='word_1_15' title='bbox 872 621 1058 698; x_wconf 76' lang='lat' dir='ltr'>proditorem</span> <span class='ocrx_word' id='word_1_16' title='bbox 1071 621 1227 679; x_wconf 83' lang='lat' dir='ltr'><strong>amatoris</strong></span> 
     </span>
     <span class='ocr_line' id='line_1_4' title="bbox 181 716 1224 797; baseline -0.003 -20"><span class='ocrx_word' id='word_1_17' title='bbox 181 717 338 796; x_wconf 85' lang='lat' dir='ltr'><strong>appellans,</strong></span> <span class='ocrx_word' id='word_1_18' title='bbox 361 737 437 776; x_wconf 92' lang='lat' dir='ltr'><strong>nunc</strong></span> <span class='ocrx_word' id='word_1_19' title='bbox 470 719 599 797; x_wconf 86' lang='lat' dir='ltr'><strong>ingentia</strong></span> <span class='ocrx_word' id='word_1_20' title='bbox 626 718 806 796; x_wconf 89' lang='lat' dir='ltr'><strong>promittens,</strong></span> <span class='ocrx_word' id='word_1_21' title='bbox 841 716 1046 794; x_wconf 78' lang='lat' dir='ltr'><strong>interdumque</strong></span> <span class='ocrx_word' id='word_1_22' title='bbox 1089 736 1224 794; x_wconf 86' lang='lat' dir='ltr'><strong>regnum</strong></span> 
     </span>
     <span class='ocr_line' id='line_1_5' title="bbox 182 811 1224 892; baseline -0.003 -21"><span class='ocrx_word' id='word_1_23' title='bbox 182 813 320 892; x_wconf 66' lang='lat' dir='ltr'><strong>‘quoque</strong></span> <span class='ocrx_word' id='word_1_24' title='bbox 337 813 494 874; x_wconf 78' lang='lat' dir='ltr'><strong>&#39;versabat</strong></span> <span class='ocrx_word' id='word_1_25' title='bbox 508 813 635 872; x_wconf 89' lang='lat' dir='ltr'><strong>animum</strong></span> <span class='ocrx_word' id='word_1_26' title='bbox 651 815 670 842; x_wconf 81' lang='lat'><strong>¹⁰</strong></span> <span class='ocrx_word' id='word_1_27' title='bbox 680 819 761 871; x_wconf 87' lang='lat' dir='ltr'><strong>tento</strong></span> <span class='ocrx_word' id='word_1_28' title='bbox 781 812 908 872; x_wconf 85' lang='lat' dir='ltr'><strong>facinore</strong></span> <span class='ocrx_word' id='word_1_29' title='bbox 927 811 1029 889; x_wconf 89' lang='lat' dir='ltr'><strong>procul</strong></span> <span class='ocrx_word' id='word_1_30' title='bbox 1049 811 1224 871; x_wconf 87' lang='lat' dir='ltr'><strong>abhorren-</strong></span> 
     </span>
     <span class='ocr_line' id='line_1_6' title="bbox 180 907 1221 987; baseline -0.004 -20"><span class='ocrx_word' id='word_1_31' title='bbox 180 917 259 969; x_wconf 87' lang='lat' dir='ltr'><strong>tem:</strong></span> <span class='ocrx_word' id='word_1_32' title='bbox 281 909 415 968; x_wconf 89' lang='lat' dir='ltr'><strong>strictum</strong></span> <span class='ocrx_word' id='word_1_33' title='bbox 430 907 534 966; x_wconf 74' lang='lat' dir='ltr'><strong>deinde</strong></span> <span class='ocrx_word' id='word_1_34' title='bbox 548 907 679 987; x_wconf 84' lang='lat' dir='ltr'><strong>gladium</strong></span> <span class='ocrx_word' id='word_1_35' title='bbox 693 908 777 966; x_wconf 85' lang='lat' dir='ltr'><strong>mcdd</strong></span> <span class='ocrx_word' id='word_1_36' title='bbox 786 908 874 983; x_wconf 86' lang='lat' dir='ltr'><strong>illius,</strong></span> <span class='ocrx_word' id='word_1_37' title='bbox 888 907 972 966; x_wconf 84' lang='lat' dir='ltr'><strong>modd</strong></span> <span class='ocrx_word' id='word_1_38' title='bbox 983 926 1036 965; x_wconf 88' lang='lat' dir='ltr'><strong>suo</strong></span> <span class='ocrx_word' id='word_1_39' title='bbox 1048 907 1221 966; x_wconf 81' lang='lat' dir='ltr'><strong>admovens</strong></span> 
     </span>
     <span class='ocr_line' id='line_1_7' title="bbox 178 1001 1219 1082; baseline -0.005 -20"><span class='ocrx_word' id='word_1_40' title='bbox 178 1004 289 1082; x_wconf 83' lang='lat' dir='ltr'><strong>jugulo,</strong></span> <span class='ocrx_word' id='word_1_41' title='bbox 313 1003 434 1080; x_wconf 82' lang='lat' dir='ltr'>supplex</span> <span class='ocrx_word' id='word_1_42' title='bbox 457 1003 534 1061; x_wconf 91' lang='lat' dir='ltr'><strong>idem</strong></span> <span class='ocrx_word' id='word_1_43' title='bbox 556 1009 586 1061; x_wconf 88' lang='lat' dir='ltr'><strong>et</strong></span> <span class='ocrx_word' id='word_1_44' title='bbox 604 1003 726 1062; x_wconf 84' lang='lat' dir='ltr'><strong>infestus</strong></span> <span class='ocrx_word' id='word_1_45' title='bbox 755 1003 936 1081; x_wconf 88' lang='lat' dir='ltr'><strong>¹¹expressit,</strong></span> <span class='ocrx_word' id='word_1_46' title='bbox 949 1009 984 1060; x_wconf 88' lang='lat' dir='ltr'><strong>ut</strong></span> <span class='ocrx_word' id='word_1_47' title='bbox 1004 1001 1142 1060; x_wconf 87' lang='lat' dir='ltr'><strong>tandem</strong></span> <span class='ocrx_word' id='word_1_48' title='bbox 1165 1020 1219 1058; x_wconf 88' lang='lat' dir='ltr'><strong>non</strong></span> 
     </span>
     <span class='ocr_line' id='line_1_8' title="bbox 181 1097 1217 1175; baseline -0.004 -17"><span class='ocrx_word' id='word_1_49' title='bbox 181 1098 277 1158; x_wconf 78' lang='lat' dir='ltr'><strong>solum</strong></span> <span class='ocrx_word' id='word_1_50' title='bbox 299 1097 456 1173; x_wconf 85' lang='lat' dir='ltr'><strong>silentium,</strong></span> <span class='ocrx_word' id='word_1_51' title='bbox 491 1098 542 1157; x_wconf 91' lang='lat' dir='ltr'><strong>sed</strong></span> <span class='ocrx_word' id='word_1_52' title='bbox 573 1099 662 1157; x_wconf 88' lang='lat' dir='ltr'><strong>etiam</strong></span> <span class='ocrx_word' id='word_1_53' title='bbox 696 1117 810 1175; x_wconf 87' lang='lat' dir='ltr'><strong>operam</strong></span> <span class='ocrx_word' id='word_1_54' title='bbox 843 1097 1044 1175; x_wconf 86' lang='lat' dir='ltr'><strong>polliceretur;</strong></span> <span class='ocrx_word' id='word_1_55' title='bbox 1085 1115 1217 1174; x_wconf 84' lang='lat' dir='ltr'><strong>namque</strong></span> 
     </span>
     <span class='ocr_line' id='line_1_9' title="bbox 182 1191 1215 1272; baseline -0.002 -22"><span class='ocrx_word' id='word_1_56' title='bbox 182 1191 294 1253; x_wconf 78' lang='lat' dir='ltr'><strong>abunde</strong></span> <span class='ocrx_word' id='word_1_57' title='bbox 308 1193 467 1252; x_wconf 89' lang='lat' dir='ltr'><strong>constantis</strong></span> <span class='ocrx_word' id='word_1_58' title='bbox 481 1193 579 1269; x_wconf 87' lang='lat' dir='ltr'><strong>animi,</strong></span> <span class='ocrx_word' id='word_1_59' title='bbox 593 1199 622 1252; x_wconf 92' lang='lat' dir='ltr'><strong>et</strong></span> <span class='ocrx_word' id='word_1_60' title='bbox 637 1193 742 1272; x_wconf 85' lang='lat' dir='ltr'><strong>dignus</strong></span> <span class='ocrx_word' id='word_1_61' title='bbox 755 1193 805 1272; x_wconf 91' lang='lat' dir='ltr'><strong>qui</strong></span> <span class='ocrx_word' id='word_1_62' title='bbox 824 1193 946 1270; x_wconf 90' lang='lat' dir='ltr'><strong>pudicus</strong></span> <span class='ocrx_word' id='word_1_63' title='bbox 966 1199 1055 1267; x_wconf 88' lang='lat' dir='ltr'><strong>esset,</strong></span> <span class='ocrx_word' id='word_1_64' title='bbox 1071 1191 1162 1250; x_wconf 87' lang='lat' dir='ltr'><strong>nihil</strong></span> <span class='ocrx_word' id='word_1_65' title='bbox 1183 1211 1215 1248; x_wconf 86' lang='lat' dir='ltr'><strong>ex</strong></span> 
     </span>
     <span class='ocr_line' id='line_1_10' title="bbox 181 1287 1213 1366; baseline -0.004 -18"><span class='ocrx_word' id='word_1_66' title='bbox 181 1289 306 1366; x_wconf 77' lang='lat' dir='ltr'><strong>pristina</strong></span> <span class='ocrx_word' id='word_1_67' title='bbox 325 1287 477 1349; x_wconf 87' lang='lat' dir='ltr'><strong>voluntate</strong></span> <span class='ocrx_word' id='word_1_68' title='bbox 498 1295 679 1348; x_wconf 86' lang='lat' dir='ltr'><strong>mutaverat:</strong></span> <span class='ocrx_word' id='word_1_69' title='bbox 700 1289 751 1349; x_wconf 89' lang='lat' dir='ltr'><strong>sed</strong></span> <span class='ocrx_word' id='word_1_70' title='bbox 774 1307 804 1348; x_wconf 90' lang='lat' dir='ltr'><strong>se</strong></span> <span class='ocrx_word' id='word_1_71' title='bbox 827 1295 943 1365; x_wconf 89' lang='lat' dir='ltr'><strong>captum</strong></span> <span class='ocrx_word' id='word_1_72' title='bbox 966 1287 1079 1365; x_wconf 85' lang='lat' dir='ltr'><strong>Dymni</strong></span> <span class='ocrx_word' id='word_1_73' title='bbox 1106 1305 1213 1358; x_wconf 82' lang='lat' dir='ltr'><strong>amore,</strong></span> 
     </span>
     <span class='ocr_line' id='line_1_11' title="bbox 183 1381 1212 1462; baseline -0.005 -18"><span class='ocrx_word' id='word_1_74' title='bbox 183 1384 339 1445; x_wconf 85' lang='lat' dir='ltr'><strong>simulabat</strong></span> <span class='ocrx_word' id='word_1_75' title='bbox 347 1383 423 1442; x_wconf 93' lang='lat' dir='ltr'><strong>nihil</strong></span> <span class='ocrx_word' id='word_1_76' title='bbox 437 1403 576 1444; x_wconf 85' lang='lat' dir='ltr'><strong>recusare.</strong></span> <span class='ocrx_word' id='word_1_77' title='bbox 633 1382 784 1444; x_wconf 74' lang='lat' dir='ltr'><strong>Sciscitari</strong></span> <span class='ocrx_word' id='word_1_78' title='bbox 798 1383 902 1442; x_wconf 77' lang='lat' dir='ltr'><strong>deinde</strong></span> <span class='ocrx_word' id='word_1_79' title='bbox 916 1383 1021 1462; x_wconf 87' lang='lat' dir='ltr'><strong>pergit,</strong></span> <span class='ocrx_word' id='word_1_80' title='bbox 1035 1386 1053 1416; x_wconf 92' lang='lat'><strong>“</strong></span> <span class='ocrx_word' id='word_1_81' title='bbox 1064 1401 1143 1442; x_wconf 87' lang='lat' dir='ltr'><strong>cum</strong></span> <span class='ocrx_word' id='word_1_82' title='bbox 1156 1381 1212 1461; x_wconf 90' lang='lat' dir='ltr'><strong>qui-</strong></span> 
     </span>
     <span class='ocr_line' id='line_1_12' title="bbox 182 1477 1212 1557; baseline -0.006 -17"><span class='ocrx_word' id='word_1_83' title='bbox 182 1479 236 1540; x_wconf 92' lang='lat' dir='ltr'><strong>bus</strong></span> <span class='ocrx_word' id='word_1_84' title='bbox 250 1487 340 1539; x_wconf 73' lang='lat' dir='ltr'><strong>tantae</strong></span> <span class='ocrx_word' id='word_1_85' title='bbox 358 1479 400 1538; x_wconf 91' lang='lat' dir='ltr'><strong>rei</strong></span> <span class='ocrx_word' id='word_1_86' title='bbox 420 1479 586 1538; x_wconf 87' lang='lat' dir='ltr'><strong>societatem</strong></span> <span class='ocrx_word' id='word_1_87' title='bbox 608 1478 716 1538; x_wconf 78' lang='lat' dir='ltr'><strong>inisset</strong></span> <span class='ocrx_word' id='word_1_88' title='bbox 778 1477 945 1537; x_wconf 77' lang='lat' dir='ltr'><strong>Plurimum</strong></span> <span class='ocrx_word' id='word_1_89' title='bbox 965 1477 1086 1553; x_wconf 83' lang='lat' dir='ltr'><strong>referre,</strong></span> <span class='ocrx_word' id='word_1_90' title='bbox 1111 1478 1212 1557; x_wconf 86' lang='lat' dir='ltr'><strong>quales</strong></span> 
     </span>
     <span class='ocr_line' id='line_1_13' title="bbox 183 1572 1210 1650; baseline -0.007 -15"><span class='ocrx_word' id='word_1_91' title='bbox 183 1575 314 1635; x_wconf 79' lang='lat' dir='ltr'><strong>viritem</strong></span> <span class='ocrx_word' id='word_1_92' title='bbox 327 1573 505 1633; x_wconf 74' lang='lat' dir='ltr'><strong>memorabili</strong></span> <span class='ocrx_word' id='word_1_93' title='bbox 525 1573 604 1650; x_wconf 87' lang='lat' dir='ltr'><strong>operi</strong></span> <span class='ocrx_word' id='word_1_94' title='bbox 625 1573 769 1632; x_wconf 74' lang='lat' dir='ltr'><strong>admoturi</strong></span> <span class='ocrx_word' id='word_1_95' title='bbox 788 1591 888 1630; x_wconf 88' lang='lat' dir='ltr'><strong>manus</strong></span> <span class='ocrx_word' id='word_1_96' title='bbox 909 1572 1031 1632; x_wconf 87' lang='lat' dir='ltr'><strong>essent.&#39;’</strong></span> <span class='ocrx_word' id='word_1_97' title='bbox 1097 1573 1166 1632; x_wconf 91' lang='lat' dir='ltr'><strong>Ille</strong></span> <span class='ocrx_word' id='word_1_98' title='bbox 1185 1579 1210 1629; x_wconf 88' lang='lat' dir='ltr'><strong>et</strong></span> 
     </span>
     <span class='ocr_line' id='line_1_14' title="bbox 184 1667 1209 1746; baseline -0.002 -20"><span class='ocrx_word' id='word_1_99' title='bbox 184 1685 279 1726; x_wconf 88' lang='lat' dir='ltr'><strong>amore</strong></span> <span class='ocrx_word' id='word_1_100' title='bbox 293 1675 322 1724; x_wconf 90' lang='lat' dir='ltr'><strong>et</strong></span> <span class='ocrx_word' id='word_1_101' title='bbox 335 1667 443 1726; x_wconf 86' lang='lat' dir='ltr'><strong>seelera</strong></span> <span class='ocrx_word' id='word_1_102' title='bbox 455 1667 533 1724; x_wconf 77' lang='lat' dir='ltr'><strong>male</strong></span> <span class='ocrx_word' id='word_1_103' title='bbox 548 1685 645 1742; x_wconf 82' lang='lat' dir='ltr'><strong>sanus,</strong></span> <span class='ocrx_word' id='word_1_104' title='bbox 660 1667 746 1726; x_wconf 87' lang='lat' dir='ltr'><strong>simul</strong></span> <span class='ocrx_word' id='word_1_105' title='bbox 760 1669 870 1746; x_wconf 84' lang='lat' dir='ltr'><strong>gratias</strong></span> <span class='ocrx_word' id='word_1_106' title='bbox 884 1668 954 1746; x_wconf 85' lang='lat' dir='ltr'><strong>agit,</strong></span> <span class='ocrx_word' id='word_1_107' title='bbox 970 1667 1057 1725; x_wconf 90' lang='lat' dir='ltr'><strong>simul</strong></span> <span class='ocrx_word' id='word_1_108' title='bbox 1076 1668 1209 1746; x_wconf 82' lang='lat' dir='ltr'><strong>gratula-</strong></span> 
     </span>
    </p>
   </div>
   <div class='ocr_carea' id='block_1_3' title="bbox 184 1759 1252 3938">
    <p class='ocr_par' dir='ltr' id='par_1_3' title="bbox 184 1759 1209 2034">
     <span class='ocr_line' id='line_1_15' title="bbox 184 1759 1209 1842; baseline 0.002 -24"><span class='ocrx_word' id='word_1_109' title='bbox 184 1771 242 1834; x_wconf 86' lang='lat' dir='ltr'><strong>tur,</strong></span> <span class='ocrx_word' id='word_1_110' title='bbox 256 1761 334 1838; x_wconf 77' lang='lat' dir='ltr'><strong>quod</strong></span> <span class='ocrx_word' id='word_1_111' title='bbox 348 1761 367 1789; x_wconf 78' lang='lat'><strong>¹²</strong></span> <span class='ocrx_word' id='word_1_112' title='bbox 379 1759 554 1818; x_wconf 82' lang='lat' dir='ltr'><strong>fortissimus</strong></span> <span class='ocrx_word' id='word_1_113' title='bbox 573 1763 713 1837; x_wconf 83' lang='lat' dir='ltr'><strong>juvenum</strong></span> <span class='ocrx_word' id='word_1_114' title='bbox 735 1781 793 1820; x_wconf 90' lang='lat' dir='ltr'><strong>non</strong></span> <span class='ocrx_word' id='word_1_115' title='bbox 815 1761 978 1822; x_wconf 72' lang='lat' dir='ltr'><strong>dubitasset</strong></span> <span class='ocrx_word' id='word_1_116' title='bbox 999 1779 1029 1820; x_wconf 88' lang='lat' dir='ltr'><strong>se</strong></span> <span class='ocrx_word' id='word_1_117' title='bbox 1045 1762 1209 1842; x_wconf 85' lang='lat' dir='ltr'><strong>adjungere</strong></span> 
     </span>
     <span class='ocr_line' id='line_1_16' title="bbox 184 1854 1207 1934; baseline 0 -19"><span class='ocrx_word' id='word_1_118' title='bbox 184 1855 333 1915; x_wconf 83' lang='lat' dir='ltr'><strong>Demetrio</strong></span> <span class='ocrx_word' id='word_1_119' title='bbox 347 1854 473 1932; x_wconf 84' lang='lat' dir='ltr'><strong>corporis</strong></span> <span class='ocrx_word' id='word_1_120' title='bbox 496 1855 618 1931; x_wconf 87' lang='lat' dir='ltr'><strong>custodi,</strong></span> <span class='ocrx_word' id='word_1_121' title='bbox 643 1856 795 1932; x_wconf 83' lang='lat' dir='ltr'><strong>Peucolao,</strong></span> <span class='ocrx_word' id='word_1_122' title='bbox 811 1855 957 1916; x_wconf 87' lang='lat' dir='ltr'><strong>Nicanori.</strong></span> <span class='ocrx_word' id='word_1_123' title='bbox 1019 1857 1146 1934; x_wconf 86' lang='lat' dir='ltr'><strong>Adjicit</strong></span> <span class='ocrx_word' id='word_1_124' title='bbox 1165 1857 1207 1915; x_wconf 89' lang='lat' dir='ltr'><strong>his</strong></span> 
     </span>
     <span class='ocr_line' id='line_1_17' title="bbox 185 1949 1155 2034; baseline 0.003 -25"><span class='ocrx_word' id='word_1_125' title='bbox 185 1950 388 2034; x_wconf 84' lang='lat' dir='ltr'><strong>Aphoebetum‚</strong></span> <span class='ocrx_word' id='word_1_126' title='bbox 404 1949 537 2026; x_wconf 86' lang='lat' dir='ltr'><strong>Loceum,</strong></span> <span class='ocrx_word' id='word_1_127' title='bbox 552 1951 724 2026; x_wconf 87' lang='lat' dir='ltr'><strong>Dicxenum,</strong></span> <span class='ocrx_word' id='word_1_128' title='bbox 739 1952 923 2030; x_wconf 88' lang='lat' dir='ltr'><strong>Archepolim</strong></span> <span class='ocrx_word' id='word_1_129' title='bbox 937 1958 967 2010; x_wconf 92' lang='lat' dir='ltr'><strong>et</strong></span> <span class='ocrx_word' id='word_1_130' title='bbox 979 1951 1155 2029; x_wconf 81' lang='lat' dir='ltr'><strong>Amyntam</strong></span> 
     </span>
    </p>

    <p class='ocr_par' dir='ltr' id='par_1_4' title="bbox 186 2045 1252 3938">
     <span class='ocr_line' id='line_1_18' title="bbox 245 2045 1205 2122; baseline -0.002 -16"><span class='ocrx_word' id='word_1_131' title='bbox 245 2047 291 2106; x_wconf 79' lang='lat'><strong>20.</strong></span> <span class='ocrx_word' id='word_1_132' title='bbox 314 2045 363 2106; x_wconf 87' lang='lat' dir='ltr'><strong>Ab</strong></span> <span class='ocrx_word' id='word_1_133' title='bbox 386 2045 440 2104; x_wconf 90' lang='lat' dir='ltr'><strong>hoc</strong></span> <span class='ocrx_word' id='word_1_134' title='bbox 467 2065 596 2106; x_wconf 81' lang='lat' dir='ltr'><strong>sermone</strong></span> <span class='ocrx_word' id='word_1_135' title='bbox 624 2047 761 2106; x_wconf 88' lang='lat' dir='ltr'><strong>dimissus</strong></span> <span class='ocrx_word' id='word_1_136' title='bbox 789 2045 989 2122; x_wconf 82' lang='lat' dir='ltr'><strong>Nicomachus,</strong></span> <span class='ocrx_word' id='word_1_137' title='bbox 1016 2047 1055 2104; x_wconf 87' lang='lat' dir='ltr'><strong>ad</strong></span> <span class='ocrx_word' id='word_1_138' title='bbox 1082 2047 1205 2106; x_wconf 87' lang='lat' dir='ltr'><strong>fratrem</strong></span> 
     </span>
     <span class='ocr_line' id='line_1_19' title="bbox 186 2140 1204 2222; baseline -0.003 -19"><span class='ocrx_word' id='word_1_139' title='bbox 186 2140 338 2219; x_wconf 75' lang='lat' dir='ltr'><strong>(Cebalino</strong></span> <span class='ocrx_word' id='word_1_140' title='bbox 352 2148 414 2201; x_wconf 87' lang='lat' dir='ltr'><strong>erat</strong></span> <span class='ocrx_word' id='word_1_141' title='bbox 432 2144 547 2222; x_wconf 85' lang='lat' dir='ltr'><strong>nomen)</strong></span> <span class='ocrx_word' id='word_1_142' title='bbox 565 2163 630 2222; x_wconf 91' lang='lat' dir='ltr'><strong>quae</strong></span> <span class='ocrx_word' id='word_1_143' title='bbox 643 2148 798 2220; x_wconf 88' lang='lat' dir='ltr'><strong>acceperat,</strong></span> <span class='ocrx_word' id='word_1_144' title='bbox 813 2142 914 2202; x_wconf 85' lang='lat' dir='ltr'><strong>defert.</strong></span> <span class='ocrx_word' id='word_1_145' title='bbox 957 2141 977 2172; x_wconf 81' lang='lat'><strong>¹¹</strong></span> <span class='ocrx_word' id='word_1_146' title='bbox 987 2142 1090 2200; x_wconf 88' lang='lat' dir='ltr'><strong>Placet</strong></span> <span class='ocrx_word' id='word_1_147' title='bbox 1110 2142 1204 2221; x_wconf 83' lang='lat' dir='ltr'><strong>ipsum</strong></span> 
     </span>
     <span class='ocr_line' id='line_1_20' title="bbox 186 2237 1205 2316; baseline -0.001 -18"><span class='ocrx_word' id='word_1_148' title='bbox 186 2239 344 2300; x_wconf 74' lang='lat' dir='ltr'><strong>subsistere</strong></span> <span class='ocrx_word' id='word_1_149' title='bbox 357 2238 388 2297; x_wconf 91' lang='lat' dir='ltr'><strong>in</strong></span> <span class='ocrx_word' id='word_1_150' title='bbox 401 2239 594 2314; x_wconf 82' lang='lat' dir='ltr'><strong>tabernaculo,</strong></span> <span class='ocrx_word' id='word_1_151' title='bbox 607 2257 643 2297; x_wconf 90' lang='lat' dir='ltr'><strong>ne</strong></span> <span class='ocrx_word' id='word_1_152' title='bbox 657 2238 683 2298; x_wconf 90' lang='lat' dir='ltr'><strong>si</strong></span> <span class='ocrx_word' id='word_1_153' title='bbox 704 2237 814 2316; x_wconf 87' lang='lat' dir='ltr'><strong>regiam</strong></span> <span class='ocrx_word' id='word_1_154' title='bbox 827 2237 975 2312; x_wconf 78' lang='lat' dir='ltr'><strong>intrasset,</strong></span> <span class='ocrx_word' id='word_1_155' title='bbox 990 2255 1046 2296; x_wconf 92' lang='lat' dir='ltr'><strong>non</strong></span> <span class='ocrx_word' id='word_1_156' title='bbox 1069 2247 1205 2297; x_wconf 85' lang='lat' dir='ltr'><strong>assuetus</strong></span> 
     </span>
     <span class='ocr_line' id='line_1_21' title="bbox 186 2333 1204 2412; baseline 0.001 -20"><span class='ocrx_word' id='word_1_157' title='bbox 186 2335 266 2393; x_wconf 88' lang='lat' dir='ltr'><strong>adire</strong></span> <span class='ocrx_word' id='word_1_158' title='bbox 290 2335 407 2408; x_wconf 86' lang='lat' dir='ltr'><strong>Regem,</strong></span> <span class='ocrx_word' id='word_1_159' title='bbox 429 2335 572 2410; x_wconf 86' lang='lat' dir='ltr'><strong>conjurati</strong></span> <span class='ocrx_word' id='word_1_160' title='bbox 598 2333 727 2412; x_wconf 88' lang='lat' dir='ltr'><strong>proditos</strong></span> <span class='ocrx_word' id='word_1_161' title='bbox 749 2353 779 2391; x_wconf 90' lang='lat' dir='ltr'><strong>se</strong></span> <span class='ocrx_word' id='word_1_162' title='bbox 807 2352 870 2392; x_wconf 86' lang='lat' dir='ltr'><strong>esse</strong></span> <span class='ocrx_word' id='word_1_163' title='bbox 896 2333 1090 2392; x_wconf 86' lang='lat' dir='ltr'><strong>resciscerent.</strong></span> <span class='ocrx_word' id='word_1_164' title='bbox 1137 2334 1204 2411; x_wconf 88' lang='lat' dir='ltr'><strong>Ipse</strong></span> 
     </span>
     <span class='ocr_line' id='line_1_22' title="bbox 187 2427 1202 2506; baseline -0.002 -18"><span class='ocrx_word' id='word_1_165' title='bbox 187 2428 341 2488; x_wconf 75' lang='lat' dir='ltr'><strong>cebalinus</strong></span> <span class='ocrx_word' id='word_1_166' title='bbox 355 2435 422 2485; x_wconf 88' lang='lat' dir='ltr'><strong>ante</strong></span> <span class='ocrx_word' id='word_1_167' title='bbox 436 2429 610 2488; x_wconf 83' lang='lat' dir='ltr'><strong>vestibulum</strong></span> <span class='ocrx_word' id='word_1_168' title='bbox 623 2428 710 2506; x_wconf 88' lang='lat' dir='ltr'><strong>regiae</strong></span> <span class='ocrx_word' id='word_1_169' title='bbox 724 2427 824 2506; x_wconf 88' lang='lat' dir='ltr'><strong>(neque</strong></span> <span class='ocrx_word' id='word_1_170' title='bbox 837 2429 913 2487; x_wconf 91' lang='lat' dir='ltr'><strong>enim</strong></span> <span class='ocrx_word' id='word_1_171' title='bbox 926 2427 1043 2506; x_wconf 76' lang='lat' dir='ltr'><strong>propius</strong></span> <span class='ocrx_word' id='word_1_172' title='bbox 1063 2427 1164 2488; x_wconf 88' lang='lat' dir='ltr'><strong>aditus</strong></span> <span class='ocrx_word' id='word_1_173' title='bbox 1177 2429 1202 2487; x_wconf 90' lang='lat' dir='ltr'><strong>ei</strong></span> 
     </span>
     <span class='ocr_line' id='line_1_23' title="bbox 187 2521 1200 2601; baseline 0.002 -21"><span class='ocrx_word' id='word_1_174' title='bbox 187 2521 319 2600; x_wconf 87' lang='lat' dir='ltr'><strong>patebat)</strong></span> <span class='ocrx_word' id='word_1_175' title='bbox 335 2521 477 2596; x_wconf 85' lang='lat' dir='ltr'><strong>consistit,</strong></span> <span class='ocrx_word' id='word_1_176' title='bbox 492 2523 642 2598; x_wconf 90' lang='lat' dir='ltr'><strong>opperiens</strong></span> <span class='ocrx_word' id='word_1_177' title='bbox 664 2523 787 2601; x_wconf 89' lang='lat' dir='ltr'><strong>aliquem</strong></span> <span class='ocrx_word' id='word_1_178' title='bbox 809 2543 845 2582; x_wconf 84' lang='lat' dir='ltr'><strong>ex</strong></span> <span class='ocrx_word' id='word_1_179' title='bbox 866 2523 961 2600; x_wconf 71' lang='lat' dir='ltr'><strong>prima</strong></span> <span class='ocrx_word' id='word_1_180' title='bbox 975 2523 1090 2582; x_wconf 88' lang='lat' dir='ltr'><strong>cohorte</strong></span> <span class='ocrx_word' id='word_1_181' title='bbox 1105 2524 1125 2552; x_wconf 85' lang='lat'><strong>¹⁴</strong></span> <span class='ocrx_word' id='word_1_182' title='bbox 1135 2524 1200 2582; x_wconf 89' lang='lat' dir='ltr'><strong>ami·</strong></span> 
     </span>
     <span class='ocr_line' id='line_1_24' title="bbox 187 2615 1199 2696; baseline 0.002 -20"><span class='ocrx_word' id='word_1_183' title='bbox 187 2636 293 2691; x_wconf 88' lang='lat' dir='ltr'><strong>corum,</strong></span> <span class='ocrx_word' id='word_1_184' title='bbox 307 2635 362 2694; x_wconf 92' lang='lat' dir='ltr'><strong>quc</strong></span> <span class='ocrx_word' id='word_1_185' title='bbox 376 2615 607 2674; x_wconf 88' lang='lat' dir='ltr'><strong>introduceretur</strong></span> <span class='ocrx_word' id='word_1_186' title='bbox 620 2617 657 2674; x_wconf 94' lang='lat' dir='ltr'><strong>ad</strong></span> <span class='ocrx_word' id='word_1_187' title='bbox 671 2617 790 2696; x_wconf 83' lang='lat' dir='ltr'><strong>Regem.</strong></span> <span class='ocrx_word' id='word_1_188' title='bbox 832 2618 922 2677; x_wconf 80' lang='lat' dir='ltr'><strong>Forte</strong></span> <span class='ocrx_word' id='word_1_189' title='bbox 938 2616 1050 2678; x_wconf 87' lang='lat' dir='ltr'><strong>caeteris</strong></span> <span class='ocrx_word' id='word_1_190' title='bbox 1064 2618 1199 2693; x_wconf 89' lang='lat' dir='ltr'><strong>dimissis,</strong></span> 
     </span>
     <span class='ocr_line' id='line_1_25' title="bbox 187 2711 1197 2791; baseline 0 -19"><span class='ocrx_word' id='word_1_191' title='bbox 187 2729 262 2772; x_wconf 81' lang='lat' dir='ltr'><strong>uuus</strong></span> <span class='ocrx_word' id='word_1_192' title='bbox 276 2711 410 2772; x_wconf 91' lang='lat' dir='ltr'><strong>Philotas</strong></span> <span class='ocrx_word' id='word_1_193' title='bbox 424 2711 622 2770; x_wconf 85' lang='lat' dir='ltr'><strong>Parmenionis</strong></span> <span class='ocrx_word' id='word_1_194' title='bbox 635 2711 722 2787; x_wconf 88' lang='lat' dir='ltr'><strong>fliius,</strong></span> <span class='ocrx_word' id='word_1_195' title='bbox 739 2715 757 2741; x_wconf 75' lang='lat'><strong>¹⁶</strong></span> <span class='ocrx_word' id='word_1_196' title='bbox 768 2713 910 2772; x_wconf 88' lang='lat' dir='ltr'><strong>incertum</strong></span> <span class='ocrx_word' id='word_1_197' title='bbox 922 2733 1007 2791; x_wconf 90' lang='lat' dir='ltr'><strong>quarn</strong></span> <span class='ocrx_word' id='word_1_198' title='bbox 1028 2713 1064 2773; x_wconf 92' lang='lat' dir='ltr'><strong>ob</strong></span> <span class='ocrx_word' id='word_1_199' title='bbox 1078 2731 1197 2787; x_wconf 86' lang='lat' dir='ltr'><strong>causam,</strong></span> 
     </span>
     <span class='ocr_line' id='line_1_26' title="bbox 188 2805 1197 2886; baseline -0.003 -17"><span class='ocrx_word' id='word_1_200' title='bbox 188 2808 359 2869; x_wconf 87' lang='lat' dir='ltr'><strong>substiterat</strong></span> <span class='ocrx_word' id='word_1_201' title='bbox 372 2807 403 2866; x_wconf 91' lang='lat' dir='ltr'><strong>in</strong></span> <span class='ocrx_word' id='word_1_202' title='bbox 414 2806 504 2886; x_wconf 75' lang='lat' dir='ltr'><strong>regia.</strong></span> <span class='ocrx_word' id='word_1_203' title='bbox 536 2805 616 2864; x_wconf 90' lang='lat' dir='ltr'><strong>Huic</strong></span> <span class='ocrx_word' id='word_1_204' title='bbox 630 2805 796 2882; x_wconf 80' lang='lat' dir='ltr'><strong>Cebalinus,</strong></span> <span class='ocrx_word' id='word_1_205' title='bbox 813 2827 862 2866; x_wconf 90' lang='lat' dir='ltr'><strong>ore</strong></span> <span class='ocrx_word' id='word_1_206' title='bbox 884 2809 1003 2866; x_wconf 86' lang='lat' dir='ltr'><strong>confuso</strong></span> <span class='ocrx_word' id='word_1_207' title='bbox 1016 2827 1128 2886; x_wconf 82' lang='lat' dir='ltr'><strong>magnae</strong></span> <span class='ocrx_word' id='word_1_208' title='bbox 1141 2827 1197 2886; x_wconf 92' lang='lat' dir='ltr'><strong>per·</strong></span> 
     </span>
     <span class='ocr_line' id='line_1_27' title="bbox 189 2902 1197 2981; baseline -0.001 -19"><span class='ocrx_word' id='word_1_209' title='bbox 189 2904 363 2964; x_wconf 89' lang='lat' dir='ltr'><strong>turbationis</strong></span> <span class='ocrx_word' id='word_1_210' title='bbox 386 2911 469 2962; x_wconf 90' lang='lat' dir='ltr'><strong>notas</strong></span> <span class='ocrx_word' id='word_1_211' title='bbox 490 2922 551 2980; x_wconf 90' lang='lat' dir='ltr'><strong>prae</strong></span> <span class='ocrx_word' id='word_1_212' title='bbox 573 2921 604 2962; x_wconf 92' lang='lat' dir='ltr'><strong>se</strong></span> <span class='ocrx_word' id='word_1_213' title='bbox 625 2904 730 2976; x_wconf 79' lang='lat' dir='ltr'><strong>ferens,</strong></span> <span class='ocrx_word' id='word_1_214' title='bbox 745 2902 841 2979; x_wconf 89' lang='lat' dir='ltr'><strong>aperit</strong></span> <span class='ocrx_word' id='word_1_215' title='bbox 860 2923 926 2980; x_wconf 87' lang='lat' dir='ltr'><strong>quae</strong></span> <span class='ocrx_word' id='word_1_216' title='bbox 939 2922 975 2961; x_wconf 86' lang='lat' dir='ltr'><strong>ex</strong></span> <span class='ocrx_word' id='word_1_217' title='bbox 988 2903 1079 2961; x_wconf 85' lang='lat' dir='ltr'><strong>fratre</strong></span> <span class='ocrx_word' id='word_1_218' title='bbox 1093 2921 1197 2981; x_wconf 80' lang='lat' dir='ltr'><strong>compe</strong></span> 
     </span>
     <span class='ocr_line' id='line_1_28' title="bbox 190 2997 1196 3076; baseline 0 -18"><span class='ocrx_word' id='word_1_219' title='bbox 190 3005 278 3073; x_wconf 82' lang='lat' dir='ltr'><strong>rarat,</strong></span> <span class='ocrx_word' id='word_1_220' title='bbox 292 3005 322 3056; x_wconf 88' lang='lat' dir='ltr'><strong>et</strong></span> <span class='ocrx_word' id='word_1_221' title='bbox 336 2999 397 3057; x_wconf 91' lang='lat' dir='ltr'><strong>sine</strong></span> <span class='ocrx_word' id='word_1_222' title='bbox 411 2999 591 3058; x_wconf 87' lang='lat' dir='ltr'><strong>cunctatione</strong></span> <span class='ocrx_word' id='word_1_223' title='bbox 603 2997 734 3056; x_wconf 89' lang='lat' dir='ltr'><strong>nunciari</strong></span> <span class='ocrx_word' id='word_1_224' title='bbox 748 2997 824 3076; x_wconf 82' lang='lat' dir='ltr'><strong>Regi</strong></span> <span class='ocrx_word' id='word_1_225' title='bbox 841 2999 932 3076; x_wconf 83' lang='lat' dir='ltr'><strong>jubet</strong></span> <span class='ocrx_word' id='word_1_226' title='bbox 988 2997 1128 3074; x_wconf 85' lang='lat' dir='ltr'><strong>Philotas,</strong></span> <span class='ocrx_word' id='word_1_227' title='bbox 1142 2999 1196 3058; x_wconf 87' lang='lat' dir='ltr'><strong>lau·</strong></span> 
     </span>
     <span class='ocr_line' id='line_1_29' title="bbox 190 3091 1195 3172; baseline 0.001 -20"><span class='ocrx_word' id='word_1_228' title='bbox 190 3094 257 3152; x_wconf 86' lang='lat' dir='ltr'><strong>dato</strong></span> <span class='ocrx_word' id='word_1_229' title='bbox 271 3112 313 3166; x_wconf 91' lang='lat' dir='ltr'><strong>eo,</strong></span> <span class='ocrx_word' id='word_1_230' title='bbox 329 3093 464 3169; x_wconf 77' lang='lat' dir='ltr'><strong>protinus</strong></span> <span class='ocrx_word' id='word_1_231' title='bbox 476 3093 568 3152; x_wconf 88' lang='lat' dir='ltr'><strong>intrat</strong></span> <span class='ocrx_word' id='word_1_232' title='bbox 582 3091 619 3150; x_wconf 92' lang='lat' dir='ltr'><strong>ad</strong></span> <span class='ocrx_word' id='word_1_233' title='bbox 633 3091 849 3170; x_wconf 65' lang='lat' dir='ltr'><strong>Alexandrum</strong></span> <span class='ocrx_word' id='word_1_234' title='bbox 869 3093 1018 3172; x_wconf 88' lang='lat' dir='ltr'><strong>multoque</strong></span> <span class='ocrx_word' id='word_1_235' title='bbox 1031 3093 1151 3152; x_wconf 80' lang='lat' dir='ltr'><strong>invicem</strong></span> <span class='ocrx_word' id='word_1_236' title='bbox 1163 3095 1195 3153; x_wconf 92' lang='lat' dir='ltr'><strong>de</strong></span> 
     </span>
     <span class='ocr_line' id='line_1_30' title="bbox 191 3187 1195 3268; baseline 0.003 -22"><span class='ocrx_word' id='word_1_237' title='bbox 191 3187 258 3246; x_wconf 89' lang='lat' dir='ltr'><strong>aliis</strong></span> <span class='ocrx_word' id='word_1_238' title='bbox 279 3187 365 3246; x_wconf 89' lang='lat' dir='ltr'><strong>rebus</strong></span> <span class='ocrx_word' id='word_1_239' title='bbox 387 3194 554 3266; x_wconf 87' lang='lat' dir='ltr'><strong>consumpto</strong></span> <span class='ocrx_word' id='word_1_240' title='bbox 576 3205 714 3262; x_wconf 89' lang='lat' dir='ltr'><strong>sermone,</strong></span> <span class='ocrx_word' id='word_1_241' title='bbox 728 3187 803 3246; x_wconf 88' lang='lat' dir='ltr'><strong>nihil</strong></span> <span class='ocrx_word' id='word_1_242' title='bbox 824 3207 1001 3268; x_wconf 89' lang='lat' dir='ltr'><strong>eorumquae</strong></span> <span class='ocrx_word' id='word_1_243' title='bbox 1014 3207 1050 3247; x_wconf 85' lang='lat' dir='ltr'><strong>ex</strong></span> <span class='ocrx_word' id='word_1_244' title='bbox 1065 3187 1195 3249; x_wconf 74' lang='lat' dir='ltr'><strong>Cebalino</strong></span> 
     </span>
     <span class='ocr_line' id='line_1_31' title="bbox 190 3281 1195 3364; baseline 0.001 -21"><span class='ocrx_word' id='word_1_245' title='bbox 190 3289 370 3364; x_wconf 84' lang='lat' dir='ltr'><strong>cognoverat,</strong></span> <span class='ocrx_word' id='word_1_246' title='bbox 384 3282 511 3342; x_wconf 86' lang='lat' dir='ltr'><strong>nunciat.</strong></span> <span class='ocrx_word' id='word_1_247' title='bbox 562 3281 622 3342; x_wconf 83' lang='lat' dir='ltr'><strong>Sub</strong></span> <span class='ocrx_word' id='word_1_248' title='bbox 635 3301 782 3360; x_wconf 80' lang='lat' dir='ltr'><strong>vesperam</strong></span> <span class='ocrx_word' id='word_1_249' title='bbox 795 3303 861 3342; x_wconf 92' lang='lat' dir='ltr'><strong>eum</strong></span> <span class='ocrx_word' id='word_1_250' title='bbox 875 3283 1063 3361; x_wconf 88' lang='lat' dir='ltr'><strong>prodeuntem</strong></span> <span class='ocrx_word' id='word_1_251' title='bbox 1075 3284 1105 3342; x_wconf 90' lang='lat' dir='ltr'><strong>in</strong></span> <span class='ocrx_word' id='word_1_252' title='bbox 1117 3286 1195 3346; x_wconf 86' lang='lat' dir='ltr'><strong>vesti·</strong></span> 
     </span>
     <span class='ocr_line' id='line_1_32' title="bbox 190 3369 1194 3458; baseline -0.003 -17"><span class='ocrx_word' id='word_1_253' title='bbox 190 3379 259 3441; x_wconf 91' lang='lat' dir='ltr'><strong>bulo</strong></span> <span class='ocrx_word' id='word_1_254' title='bbox 281 3378 371 3458; x_wconf 85' lang='lat' dir='ltr'><strong>regiae</strong></span> <span class='ocrx_word' id='word_1_255' title='bbox 394 3377 500 3455; x_wconf 86' lang='lat' dir='ltr'><strong>exeipit</strong></span> <span class='ocrx_word' id='word_1_256' title='bbox 510 3369 634 3454; x_wconf 85' lang='lat' dir='ltr'><strong>juvenis,</strong></span> <span class='ocrx_word' id='word_1_257' title='bbox 649 3382 666 3412; x_wconf 86' lang='lat'>“</span> <span class='ocrx_word' id='word_1_258' title='bbox 678 3397 715 3436; x_wconf 86' lang='lat' dir='ltr'><strong>an</strong></span> <span class='ocrx_word' id='word_1_259' title='bbox 727 3378 893 3437; x_wconf 89' lang='lat' dir='ltr'><strong>mandatum</strong></span> <span class='ocrx_word' id='word_1_260' title='bbox 907 3387 1058 3438; x_wconf 87' lang='lat' dir='ltr'><strong>exsecutus</strong></span> <span class='ocrx_word' id='word_1_261' title='bbox 1072 3379 1090 3408; x_wconf 84' lang='lat'><strong>¹⁰</strong></span> <span class='ocrx_word' id='word_1_262' title='bbox 1099 3379 1194 3456; x_wconf 87' lang='lat' dir='ltr'><strong>foret,’&#39;</strong></span> 
     </span>
     <span class='ocr_line' id='line_1_33' title="bbox 191 3472 1193 3554; baseline 0.001 -20"><span class='ocrx_word' id='word_1_263' title='bbox 191 3475 346 3554; x_wconf 67' lang='lat' dir='ltr'><strong>repaireus.</strong></span> <span class='ocrx_word' id='word_1_264' title='bbox 397 3472 463 3550; x_wconf 89' lang='lat' dir='ltr'><strong>Ille,</strong></span> <span class='ocrx_word' id='word_1_265' title='bbox 478 3475 496 3508; x_wconf 88' lang='lat'><strong>“</strong></span> <span class='ocrx_word' id='word_1_266' title='bbox 506 3491 564 3532; x_wconf 94' lang='lat' dir='ltr'><strong>non</strong></span> <span class='ocrx_word' id='word_1_267' title='bbox 576 3476 693 3534; x_wconf 73' lang='lat' dir='ltr'><strong>vactsse</strong></span> <span class='ocrx_word' id='word_1_268' title='bbox 707 3473 830 3534; x_wconf 91' lang='lat' dir='ltr'><strong>sermoni</strong></span> <span class='ocrx_word' id='word_1_269' title='bbox 845 3491 896 3534; x_wconf 90' lang='lat' dir='ltr'><strong>suo</strong></span> <span class='ocrx_word' id='word_1_270' title='bbox 910 3474 1047 3554; x_wconf 83' lang='lat' dir='ltr'><strong>Regem,”</strong></span> <span class='ocrx_word' id='word_1_271' title='bbox 1060 3483 1193 3550; x_wconf 84' lang='lat' dir='ltr'><strong>causatus,</strong></span> 
     </span>
     <span class='ocr_line' id='line_1_34' title="bbox 192 3568 1252 3650; baseline -0.006 -20"><span class='ocrx_word' id='word_1_272' title='bbox 192 3571 332 3631; x_wconf 81' lang='lat' dir='ltr'><strong>discessit.</strong></span> <span class='ocrx_word' id='word_1_273' title='bbox 394 3569 517 3630; x_wconf 90' lang='lat' dir='ltr'><strong>Postero</strong></span> <span class='ocrx_word' id='word_1_274' title='bbox 538 3569 585 3628; x_wconf 92' lang='lat' dir='ltr'><strong>die</strong></span> <span class='ocrx_word' id='word_1_275' title='bbox 607 3568 763 3630; x_wconf 73' lang='lat' dir='ltr'><strong>Cebalinus</strong></span> <span class='ocrx_word' id='word_1_276' title='bbox 783 3569 911 3629; x_wconf 83' lang='lat' dir='ltr'><strong>venienti</strong></span> <span class='ocrx_word' id='word_1_277' title='bbox 930 3569 962 3628; x_wconf 89' lang='lat' dir='ltr'><strong>in</strong></span> <span class='ocrx_word' id='word_1_278' title='bbox 975 3570 1084 3650; x_wconf 84' lang='lat' dir='ltr'><strong>regiam</strong></span> <span class='ocrx_word' id='word_1_279' title='bbox 1096 3577 1193 3650; x_wconf 68' lang='lat' dir='ltr'><strong>prmtt</strong></span> <span class='ocrx_word' id='word_1_280' title='bbox 1251 3617 1252 3624; x_wconf 72' lang='grc'>,</span> 
     </span>
     <span class='ocr_line' id='line_1_35' title="bbox 192 3635 1252 3745; baseline 0.003 -19"><span class='ocrx_word' id='word_1_281' title='bbox 192 3677 256 3726; x_wconf 87' lang='lat' dir='ltr'><strong>est:</strong></span> <span class='ocrx_word' id='word_1_282' title='bbox 277 3668 488 3745; x_wconf 84' lang='lat' dir='ltr'><strong>intrantemque</strong></span> <span class='ocrx_word' id='word_1_283' title='bbox 503 3665 639 3724; x_wconf 88' lang='lat' dir='ltr'><strong>admonet</strong></span> <span class='ocrx_word' id='word_1_284' title='bbox 650 3663 744 3742; x_wconf 81' lang='lat' dir='ltr'><strong>pridie</strong></span> <span class='ocrx_word' id='word_1_285' title='bbox 758 3665 975 3725; x_wconf 85' lang='lat' dir='ltr'><strong>communicatas</strong></span> <span class='ocrx_word' id='word_1_286' title='bbox 994 3685 1059 3724; x_wconf 91' lang='lat' dir='ltr'><strong>cum</strong></span> <span class='ocrx_word' id='word_1_287' title='bbox 1077 3667 1135 3744; x_wconf 90' lang='lat' dir='ltr'><strong>ipso</strong></span> <span class='ocrx_word' id='word_1_288' title='bbox 1147 3669 1192 3730; x_wconf 87' lang='lat' dir='ltr'><strong>rei.</strong></span> <span class='ocrx_word' id='word_1_289' title='bbox 1251 3635 1252 3684; x_wconf 61' lang='lat' dir='ltr'><strong>l</strong></span> 
     </span>
     <span class='ocr_line' id='line_1_36' title="bbox 195 3753 1252 3842; baseline 0.003 -21"><span class='ocrx_word' id='word_1_290' title='bbox 195 3761 252 3821; x_wconf 92' lang='lat' dir='ltr'><strong>Ille</strong></span> <span class='ocrx_word' id='word_1_291' title='bbox 274 3782 351 3822; x_wconf 79' lang='lat' dir='ltr'><strong>curae</strong></span> <span class='ocrx_word' id='word_1_292' title='bbox 375 3763 430 3823; x_wconf 89' lang='lat' dir='ltr'><strong>sibi</strong></span> <span class='ocrx_word' id='word_1_293' title='bbox 444 3779 507 3822; x_wconf 86' lang='lat' dir='ltr'><strong>esse</strong></span> <span class='ocrx_word' id='word_1_294' title='bbox 527 3759 698 3838; x_wconf 89' lang='lat' dir='ltr'><strong>respondet:</strong></span> <span class='ocrx_word' id='word_1_295' title='bbox 720 3779 753 3820; x_wconf 86' lang='lat' dir='ltr'><strong>ao</strong></span> <span class='ocrx_word' id='word_1_296' title='bbox 775 3779 810 3819; x_wconf 91' lang='lat' dir='ltr'><strong>ne</strong></span> <span class='ocrx_word' id='word_1_297' title='bbox 832 3767 895 3818; x_wconf 89' lang='lat' dir='ltr'><strong>tum</strong></span> <span class='ocrx_word' id='word_1_298' title='bbox 908 3759 1025 3840; x_wconf 87' lang='lat' dir='ltr'><strong>quidem</strong></span> <span class='ocrx_word' id='word_1_299' title='bbox 1044 3762 1124 3842; x_wconf 79' lang='lat' dir='ltr'><strong>Regi,</strong></span> <span class='ocrx_word' id='word_1_300' title='bbox 1136 3783 1194 3842; x_wconf 76' lang='lat' dir='ltr'><strong>qua</strong></span> <span class='ocrx_word' id='word_1_301' title='bbox 1251 3753 1252 3812; x_wconf 71' lang='lat' dir='ltr'><strong>i</strong></span> 
     </span>
     <span class='ocr_line' id='line_1_37' title="bbox 192 3853 1193 3938; baseline 0.004 -22"><span class='ocrx_word' id='word_1_302' title='bbox 192 3855 333 3932; x_wconf 63' lang='lat' dir='ltr'><strong>cauea,</strong></span> <span class='ocrx_word' id='word_1_303' title='bbox 346 3857 448 3934; x_wconf 83' lang='lat' dir='ltr'><strong>aperit</strong></span> <span class='ocrx_word' id='word_1_304' title='bbox 511 3853 648 3934; x_wconf 77' lang='lat' dir='ltr'><strong>(imperat</strong></span> <span class='ocrx_word' id='word_1_305' title='bbox 659 3854 795 3919; x_wconf 76' lang='lat' dir='ltr'><strong>Cebalino</strong></span> <span class='ocrx_word' id='word_1_306' title='bbox 809 3875 871 3917; x_wconf 86' lang='lat' dir='ltr'><strong>esse</strong></span> <span class='ocrx_word' id='word_1_307' title='bbox 885 3865 1041 3936; x_wconf 84' lang='lat' dir='ltr'><strong>suspectus.</strong></span> <span class='ocrx_word' id='word_1_308' title='bbox 1097 3857 1193 3938; x_wconf 67' lang='lat' dir='ltr'><strong>leque</strong></span> 
     </span>
    </p>
   </div>
   <div class='ocr_carea' id='block_1_4' title="bbox 0 0 1270 4390">
    <p class='ocr_par' dir='ltr' id='par_1_5' title="bbox 0 0 1270 4390">
     <span class='ocr_line' id='line_1_38' title="bbox 0 0 1270 4390; baseline 0 0"><span class='ocrx_word' id='word_1_309' title='bbox 0 0 1270 4390; x_wconf 95' lang='lat' dir='ltr'><strong> </strong></span> 
     </span>
    </p>
   </div>
  </div>
 </body>
</html>
