<?xml version="1.0" encoding="UTF-8"?>
<!DOCTYPE html PUBLIC "-//W3C//DTD XHTML 1.0 Transitional//EN"
    "http://www.w3.org/TR/xhtml1/DTD/xhtml1-transitional.dtd">
<html xmlns="http://www.w3.org/1999/xhtml" xml:lang="en" lang="en">
 <head>
  <title>
</title>
<meta http-equiv="Content-Type" content="text/html;charset=utf-8" />
  <meta name='ocr-system' content='tesseract 3.04.00' />
  <meta name='ocr-capabilities' content='ocr_page ocr_carea ocr_par ocr_line ocrx_word'/>
</head>
<body>
  <div class='ocr_page' id='page_1' title='image "./quintuscurtiusr00cellgoog_0219.png"; bbox 0 0 2642 4386; ppageno 0'>
   <div class='ocr_carea' id='block_1_1' title="bbox 157 373 818 439">
    <p class='ocr_par' dir='ltr' id='par_1_1' title="bbox 157 373 818 439">
     <span class='ocr_line' id='line_1_1' title="bbox 157 373 818 439; baseline -0.008 -5"><span class='ocrx_word' id='word_1_1' title='bbox 157 373 219 434; x_wconf 69' lang='lat'><strong>204</strong></span> <span class='ocrx_word' id='word_1_2' title='bbox 504 389 646 439; x_wconf 78' lang='lat' dir='ltr'><strong>oureus</strong></span> <span class='ocrx_word' id='word_1_3' title='bbox 675 387 818 432; x_wconf 78' lang='lat' dir='ltr'><strong>neuun</strong></span> 
     </span>
    </p>
   </div>
   <div class='ocr_carea' id='block_1_2' title="bbox 157 524 1180 3365">
    <p class='ocr_par' dir='ltr' id='par_1_2' title="bbox 157 524 1178 2414">
     <span class='ocr_line' id='line_1_2' title="bbox 158 524 1173 608; baseline -0.006 -16"><span class='ocrx_word' id='word_1_4' title='bbox 158 529 307 603; x_wconf 84' lang='lat' dir='ltr'><strong>obsistere,</strong></span> <span class='ocrx_word' id='word_1_5' title='bbox 330 529 408 588; x_wconf 78' lang='lat' dir='ltr'><strong>ieme</strong></span> <span class='ocrx_word' id='word_1_6' title='bbox 427 527 607 608; x_wconf 66' lang='lat' dir='ltr'><strong>vulgares-et.</strong></span> <span class='ocrx_word' id='word_1_7' title='bbox 660 527 782 606; x_wconf 86' lang='lat' dir='ltr'><strong>Inopem</strong></span> <span class='ocrx_word' id='word_1_8' title='bbox 808 525 924 587; x_wconf 89' lang='lat' dir='ltr'><strong>eonsilii</strong></span> <span class='ocrx_word' id='word_1_9' title='bbox 957 524 1173 601; x_wconf 79' lang='lat' dir='ltr'><strong>Alexeudrum,</strong></span> 
     </span>
     <span class='ocr_line' id='line_1_3' title="bbox 157 621 1174 704; baseline -0.004 -20"><span class='ocrx_word' id='word_1_10' title='bbox 157 625 226 704; x_wconf 86' lang='lat' dir='ltr'><strong>quie</strong></span> <span class='ocrx_word' id='word_1_11' title='bbox 238 623 367 702; x_wconf 73' lang='lat' dir='ltr'><strong>undique</strong></span> <span class='ocrx_word' id='word_1_12' title='bbox 381 643 511 702; x_wconf 80' lang='lat' dir='ltr'><strong>praeceps</strong></span> <span class='ocrx_word' id='word_1_13' title='bbox 530 631 561 683; x_wconf 84' lang='lat' dir='ltr'><strong>st</strong></span> <span class='ocrx_word' id='word_1_14' title='bbox 584 624 710 702; x_wconf 82' lang='lat' dir='ltr'><strong>abrupte</strong></span> <span class='ocrx_word' id='word_1_15' title='bbox 729 641 817 700; x_wconf 87' lang='lat' dir='ltr'><strong>rupes</strong></span> <span class='ocrx_word' id='word_1_16' title='bbox 837 629 909 698; x_wconf 86' lang='lat' dir='ltr'><strong>eret,</strong></span> <span class='ocrx_word' id='word_1_17' title='bbox 925 621 1041 682; x_wconf 80' lang='lat' dir='ltr'><strong>&#39;senior</strong></span> <span class='ocrx_word' id='word_1_18' title='bbox 1053 621 1174 700; x_wconf 83' lang='lat' dir='ltr'><strong>quidem</strong></span> 
     </span>
     <span class='ocr_line' id='line_1_4' title="bbox 157 717 1175 800; baseline -0.002 -22"><span class='ocrx_word' id='word_1_19' title='bbox 157 720 269 800; x_wconf 86' lang='lat' dir='ltr'><strong>peritus</strong></span> <span class='ocrx_word' id='word_1_20' title='bbox 295 719 424 778; x_wconf 87' lang='lat' dir='ltr'><strong>loeorum</strong></span> <span class='ocrx_word' id='word_1_21' title='bbox 448 739 514 778; x_wconf 87' lang='lat' dir='ltr'><strong>oum</strong></span> <span class='ocrx_word' id='word_1_22' title='bbox 541 719 655 780; x_wconf 88' lang='lat' dir='ltr'><strong>dnobus</strong></span> <span class='ocrx_word' id='word_1_23' title='bbox 678 719 747 778; x_wconf 88' lang='lat' dir='ltr'><strong>llliis</strong></span> <span class='ocrx_word' id='word_1_24' title='bbox 770 718 853 792; x_wconf 84' lang='lat' dir='ltr'><strong>ediit,</strong></span> <span class='ocrx_word' id='word_1_25' title='bbox 874 717 920 778; x_wconf 86' lang='lat' dir='ltr'><strong>’si</strong></span> <span class='ocrx_word' id='word_1_26' title='bbox 941 717 1067 796; x_wconf 67' lang='lat' dir='ltr'><strong>predum</strong></span> <span class='ocrx_word' id='word_1_27' title='bbox 1091 717 1175 794; x_wconf 86' lang='lat' dir='ltr'><strong>operi</strong></span> 
     </span>
     <span class='ocr_line' id='line_1_5' title="bbox 157 810 1175 890; baseline -0.002 -16"><span class='ocrx_word' id='word_1_28' title='bbox 157 821 243 888; x_wconf 86' lang='lat' dir='ltr'><strong>esset,</strong></span> <span class='ocrx_word' id='word_1_29' title='bbox 258 813 371 874; x_wconf 87' lang='lat' dir='ltr'><strong>editum</strong></span> <span class='ocrx_word' id='word_1_30' title='bbox 396 833 428 873; x_wconf 89' lang='lat' dir='ltr'><strong>se</strong></span> <span class='ocrx_word' id='word_1_31' title='bbox 447 820 676 872; x_wconf 75' lang='lat' dir='ltr'><strong>monstraturum</strong></span> <span class='ocrx_word' id='word_1_32' title='bbox 701 833 765 872; x_wconf 87' lang='lat' dir='ltr'><strong>esse</strong></span> <span class='ocrx_word' id='word_1_33' title='bbox 788 811 969 890; x_wconf 85' lang='lat' dir='ltr'><strong>promittens.</strong></span> <span class='ocrx_word' id='word_1_34' title='bbox 1015 810 1175 890; x_wconf 77' lang='lat' dir='ltr'><strong>Octoginte</strong></span> 
     </span>
     <span class='ocr_line' id='line_1_6' title="bbox 158 907 1175 984; baseline -0.002 -16"><span class='ocrx_word' id='word_1_35' title='bbox 158 909 268 969; x_wconf 74' lang='lat' dir='ltr'><strong>taleme</strong></span> <span class='ocrx_word' id='word_1_36' title='bbox 282 909 435 969; x_wconf 84' lang='lat' dir='ltr'><strong>eonstituit</strong></span> <span class='ocrx_word' id='word_1_37' title='bbox 450 909 588 968; x_wconf 75' lang='lat' dir='ltr'><strong>daturum</strong></span> <span class='ocrx_word' id='word_1_38' title='bbox 608 907 789 977; x_wconf 70' lang='lat' dir='ltr'><strong>Alexander,</strong></span> <span class='ocrx_word' id='word_1_39' title='bbox 803 915 833 966; x_wconf 85' lang='lat' dir='ltr'><strong>et</strong></span> <span class='ocrx_word' id='word_1_40' title='bbox 856 907 948 968; x_wconf 86' lang='lat' dir='ltr'><strong>eltero</strong></span> <span class='ocrx_word' id='word_1_41' title='bbox 962 925 999 966; x_wconf 86' lang='lat' dir='ltr'><strong>ex</strong></span> <span class='ocrx_word' id='word_1_42' title='bbox 1016 907 1175 984; x_wconf 74' lang='lat' dir='ltr'><strong>juvenibus</strong></span> 
     </span>
     <span class='ocr_line' id='line_1_7' title="bbox 158 1001 1175 1081; baseline -0.003 -18"><span class='ocrx_word' id='word_1_43' title='bbox 158 1004 259 1064; x_wconf 86' lang='lat' dir='ltr'><strong>obside</strong></span> <span class='ocrx_word' id='word_1_44' title='bbox 279 1011 402 1077; x_wconf 88' lang='lat' dir='ltr'><strong>retento,</strong></span> <span class='ocrx_word' id='word_1_45' title='bbox 417 1003 512 1080; x_wconf 89' lang='lat' dir='ltr'><strong>ipsum</strong></span> <span class='ocrx_word' id='word_1_46' title='bbox 526 1002 565 1061; x_wconf 88' lang='lat' dir='ltr'><strong>ed</strong></span> <span class='ocrx_word' id='word_1_47' title='bbox 586 1002 780 1081; x_wconf 77' lang='lat' dir='ltr'><strong>exsequenda,</strong></span> <span class='ocrx_word' id='word_1_48' title='bbox 794 1021 861 1081; x_wconf 86' lang='lat' dir='ltr'><strong>ques</strong></span> <span class='ocrx_word' id='word_1_49' title='bbox 881 1001 1037 1073; x_wconf 79' lang='lat' dir='ltr'><strong>obtulerat,</strong></span> <span class='ocrx_word' id='word_1_50' title='bbox 1052 1001 1175 1062; x_wconf 83' lang='lat' dir='ltr'><strong>dimisit</strong></span> 
     </span>
     <span class='ocr_line' id='line_1_8' title="bbox 160 1096 1175 1176; baseline 0 -18"><span class='ocrx_word' id='word_1_51' title='bbox 160 1099 278 1158; x_wconf 82' lang='lat' dir='ltr'><strong>Leviter</strong></span> <span class='ocrx_word' id='word_1_52' title='bbox 292 1098 410 1158; x_wconf 85' lang='lat' dir='ltr'><strong>ermetis</strong></span> <span class='ocrx_word' id='word_1_53' title='bbox 433 1097 493 1158; x_wconf 88' lang='lat' dir='ltr'><strong>dux</strong></span> <span class='ocrx_word' id='word_1_54' title='bbox 516 1097 604 1157; x_wconf 88' lang='lat' dir='ltr'><strong>datus</strong></span> <span class='ocrx_word' id='word_1_55' title='bbox 618 1105 664 1158; x_wconf 88' lang='lat' dir='ltr'><strong>est</strong></span> <span class='ocrx_word' id='word_1_56' title='bbox 690 1097 834 1158; x_wconf 88' lang='lat' dir='ltr'><strong>Mullinus</strong></span> <span class='ocrx_word' id='word_1_57' title='bbox 848 1097 943 1158; x_wconf 88' lang='lat' dir='ltr'><strong>soribe</strong></span> <span class='ocrx_word' id='word_1_58' title='bbox 963 1096 1064 1176; x_wconf 81' lang='lat' dir='ltr'><strong>Regis.</strong></span> <span class='ocrx_word' id='word_1_59' title='bbox 1108 1097 1175 1158; x_wconf 87' lang='lat' dir='ltr'><strong>Hos</strong></span> 
     </span>
     <span class='ocr_line' id='line_1_9' title="bbox 159 1193 1176 1277; baseline -0.003 -22"><span class='ocrx_word' id='word_1_60' title='bbox 159 1195 236 1255; x_wconf 88' lang='lat' dir='ltr'><strong>enim</strong></span> <span class='ocrx_word' id='word_1_61' title='bbox 250 1193 383 1270; x_wconf 86' lang='lat' dir='ltr'><strong>oirouitu,</strong></span> <span class='ocrx_word' id='word_1_62' title='bbox 398 1213 455 1272; x_wconf 88' lang='lat' dir='ltr'><strong>quo</strong></span> <span class='ocrx_word' id='word_1_63' title='bbox 469 1193 606 1254; x_wconf 79' lang='lat' dir='ltr'><strong>fallerent</strong></span> <span class='ocrx_word' id='word_1_64' title='bbox 619 1193 742 1268; x_wconf 88' lang='lat' dir='ltr'><strong>hostem,</strong></span> <span class='ocrx_word' id='word_1_65' title='bbox 757 1193 788 1252; x_wconf 89' lang='lat' dir='ltr'><strong>in</strong></span> <span class='ocrx_word' id='word_1_66' title='bbox 802 1212 944 1277; x_wconf 80' lang='lat' dir='ltr'><strong>summum</strong></span> <span class='ocrx_word' id='word_1_67' title='bbox 962 1195 1067 1271; x_wconf 82' lang='lat' dir='ltr'><strong>jugum</strong></span> <span class='ocrx_word' id='word_1_68' title='bbox 1080 1193 1176 1270; x_wconf 89' lang='lat' dir='ltr'><strong>pleoe·</strong></span> 
     </span>
     <span class='ocr_line' id='line_1_10' title="bbox 159 1286 1176 1367; baseline -0.005 -16"><span class='ocrx_word' id='word_1_69' title='bbox 159 1288 213 1352; x_wconf 82' lang='lat' dir='ltr'><strong>bet</strong></span> <span class='ocrx_word' id='word_1_70' title='bbox 237 1290 369 1349; x_wconf 73' lang='lat' dir='ltr'><strong>eredere.</strong></span> <span class='ocrx_word' id='word_1_71' title='bbox 412 1289 502 1348; x_wconf 84' lang='lat' dir='ltr'><strong>Petra</strong></span> <span class='ocrx_word' id='word_1_72' title='bbox 524 1307 582 1348; x_wconf 90' lang='lat' dir='ltr'><strong>non</strong></span> <span class='ocrx_word' id='word_1_73' title='bbox 606 1296 641 1346; x_wconf 92' lang='lat' dir='ltr'><strong>ut</strong></span> <span class='ocrx_word' id='word_1_74' title='bbox 663 1289 809 1367; x_wconf 80' lang='lat' dir='ltr'><strong>pleraeque</strong></span> <span class='ocrx_word' id='word_1_75' title='bbox 833 1286 955 1348; x_wconf 82' lang='lat' dir='ltr'><strong>modieis</strong></span> <span class='ocrx_word' id='word_1_76' title='bbox 979 1307 1013 1346; x_wconf 86' lang='lat' dir='ltr'><strong>eo</strong></span> <span class='ocrx_word' id='word_1_77' title='bbox 1035 1287 1176 1348; x_wconf 79' lang='lat' dir='ltr'><strong>mollibus</strong></span> 
     </span>
     <span class='ocr_line' id='line_1_11' title="bbox 159 1383 1176 1462; baseline -0.003 -17"><span class='ocrx_word' id='word_1_78' title='bbox 159 1386 244 1446; x_wconf 87' lang='lat' dir='ltr'><strong>olivis</strong></span> <span class='ocrx_word' id='word_1_79' title='bbox 270 1385 301 1444; x_wconf 93' lang='lat' dir='ltr'><strong>in</strong></span> <span class='ocrx_word' id='word_1_80' title='bbox 326 1385 449 1446; x_wconf 83' lang='lat' dir='ltr'><strong>sublime</strong></span> <span class='ocrx_word' id='word_1_81' title='bbox 469 1384 620 1462; x_wconf 71' lang='lat' dir='ltr'><strong>fastigium</strong></span> <span class='ocrx_word' id='word_1_82' title='bbox 646 1385 759 1458; x_wconf 75' lang='lat' dir='ltr'><strong>erescit,</strong></span> <span class='ocrx_word' id='word_1_83' title='bbox 785 1383 837 1444; x_wconf 91' lang='lat' dir='ltr'><strong>sod</strong></span> <span class='ocrx_word' id='word_1_84' title='bbox 864 1383 895 1442; x_wconf 90' lang='lat' dir='ltr'><strong>in</strong></span> <span class='ocrx_word' id='word_1_85' title='bbox 919 1383 1027 1444; x_wconf 80' lang='lat' dir='ltr'><strong>&#39;met&#39;oe</strong></span> <span class='ocrx_word' id='word_1_86' title='bbox 1050 1383 1176 1444; x_wconf 73' lang='lat' dir='ltr'><strong>maxime</strong></span> 
     </span>
     <span class='ocr_line' id='line_1_12' title="bbox 160 1478 1177 1558; baseline -0.004 -16"><span class='ocrx_word' id='word_1_87' title='bbox 160 1481 278 1542; x_wconf 84' lang='lat' dir='ltr'><strong>modum</strong></span> <span class='ocrx_word' id='word_1_88' title='bbox 302 1493 407 1540; x_wconf 77' lang='lat' dir='ltr'><strong>oreore.</strong></span> <span class='ocrx_word' id='word_1_89' title='bbox 427 1487 491 1540; x_wconf 86' lang='lat' dir='ltr'><strong>est:</strong></span> <span class='ocrx_word' id='word_1_90' title='bbox 521 1483 605 1558; x_wconf 85' lang='lat' dir='ltr'><strong>onjus</strong></span> <span class='ocrx_word' id='word_1_91' title='bbox 631 1479 691 1538; x_wconf 88' lang='lat' dir='ltr'><strong>ime</strong></span> <span class='ocrx_word' id='word_1_92' title='bbox 717 1478 889 1556; x_wconf 73' lang='lat' dir='ltr'><strong>spatiosiora</strong></span> <span class='ocrx_word' id='word_1_93' title='bbox 913 1485 991 1553; x_wconf 88' lang='lat' dir='ltr'><strong>sunt,</strong></span> <span class='ocrx_word' id='word_1_94' title='bbox 1013 1478 1119 1540; x_wconf 85' lang='lat' dir='ltr'><strong>altiore</strong></span> <span class='ocrx_word' id='word_1_95' title='bbox 1144 1479 1177 1538; x_wconf 89' lang='lat' dir='ltr'><strong>in</strong></span> 
     </span>
     <span class='ocr_line' id='line_1_13' title="bbox 159 1573 1176 1653; baseline -0.004 -17"><span class='ocrx_word' id='word_1_96' title='bbox 159 1577 271 1636; x_wconf 76' lang='lat' dir='ltr'><strong>erotim</strong></span> <span class='ocrx_word' id='word_1_97' title='bbox 292 1582 407 1652; x_wconf 75' lang='lat' dir='ltr'><strong>nebunt,</strong></span> <span class='ocrx_word' id='word_1_98' title='bbox 420 1575 583 1634; x_wconf 83' lang='lat' dir='ltr'><strong>summa&#39;in</strong></span> <span class='ocrx_word' id='word_1_99' title='bbox 606 1580 724 1634; x_wconf 82' lang='lat' dir='ltr'><strong>eentum</strong></span> <span class='ocrx_word' id='word_1_100' title='bbox 744 1593 882 1634; x_wconf 73' lang='lat' dir='ltr'><strong>moumon</strong></span> <span class='ocrx_word' id='word_1_101' title='bbox 906 1581 1075 1653; x_wconf 77' lang='lat' dir='ltr'><strong>exsurgunt</strong></span> <span class='ocrx_word' id='word_1_102' title='bbox 1118 1573 1176 1633; x_wconf 78' lang='lat' dir='ltr'><strong>Re·</strong></span> 
     </span>
     <span class='ocr_line' id='line_1_14' title="bbox 159 1668 1175 1748; baseline -0.002 -18"><span class='ocrx_word' id='word_1_103' title='bbox 159 1671 240 1730; x_wconf 88' lang='lat' dir='ltr'><strong>dioes</strong></span> <span class='ocrx_word' id='word_1_104' title='bbox 255 1672 319 1747; x_wconf 89' lang='lat' dir='ltr'><strong>ejus</strong></span> <span class='ocrx_word' id='word_1_105' title='bbox 333 1670 427 1729; x_wconf 86' lang='lat' dir='ltr'><strong>Indus</strong></span> <span class='ocrx_word' id='word_1_106' title='bbox 446 1669 539 1728; x_wconf 84' lang='lat' dir='ltr'><strong>amuis</strong></span> <span class='ocrx_word' id='word_1_107' title='bbox 553 1669 640 1742; x_wconf 89' lang='lat' dir='ltr'><strong>subit,</strong></span> <span class='ocrx_word' id='word_1_108' title='bbox 654 1669 794 1746; x_wconf 81' lang='lat' dir='ltr'><strong>praeoltus</strong></span> <span class='ocrx_word' id='word_1_109' title='bbox 807 1668 943 1748; x_wconf 76' lang='lat' dir='ltr'><strong>utrinque</strong></span> <span class='ocrx_word' id='word_1_110' title='bbox 964 1670 1074 1747; x_wconf 77' lang='lat' dir='ltr'><strong>asperis</strong></span> <span class='ocrx_word' id='word_1_111' title='bbox 1093 1669 1175 1747; x_wconf 62' lang='lat' dir='ltr'><strong>ripis„</strong></span> 
     </span>
     <span class='ocr_line' id='line_1_15' title="bbox 161 1764 1178 1843; baseline -0.002 -17"><span class='ocrx_word' id='word_1_112' title='bbox 161 1765 212 1826; x_wconf 78' lang='lat' dir='ltr'><strong>Ab</strong></span> <span class='ocrx_word' id='word_1_113' title='bbox 233 1765 327 1824; x_wconf 78' lang='lat' dir='ltr'><strong>eltert</strong></span> <span class='ocrx_word' id='word_1_114' title='bbox 347 1771 440 1842; x_wconf 88' lang='lat' dir='ltr'><strong>perte,</strong></span> <span class='ocrx_word' id='word_1_115' title='bbox 454 1764 626 1842; x_wconf 69' lang='lat' dir='ltr'><strong>⁴voragines</strong></span> <span class='ocrx_word' id='word_1_116' title='bbox 648 1764 815 1843; x_wconf 76' lang='lat' dir='ltr'><strong>eluviesque</strong></span> <span class='ocrx_word' id='word_1_117' title='bbox 837 1772 993 1843; x_wconf 83' lang='lat' dir='ltr'><strong>preeruptae</strong></span> <span class='ocrx_word' id='word_1_118' title='bbox 1014 1772 1101 1840; x_wconf 79' lang='lat' dir='ltr'><strong>sunt3</strong></span> <span class='ocrx_word' id='word_1_119' title='bbox 1123 1783 1178 1824; x_wconf 86' lang='lat' dir='ltr'><strong>neo</strong></span> 
     </span>
     <span class='ocr_line' id='line_1_16' title="bbox 160 1859 1177 1938; baseline -0.003 -17"><span class='ocrx_word' id='word_1_120' title='bbox 160 1861 218 1921; x_wconf 74' lang='lat' dir='ltr'><strong>elie</strong></span> <span class='ocrx_word' id='word_1_121' title='bbox 231 1859 415 1937; x_wconf 69' lang='lat' dir='ltr'><strong>expugnandi</strong></span> <span class='ocrx_word' id='word_1_122' title='bbox 435 1859 554 1936; x_wconf 87' lang='lat' dir='ltr'><strong>petebet</strong></span> <span class='ocrx_word' id='word_1_123' title='bbox 572 1859 628 1933; x_wconf 83' lang='lat' dir='ltr'><strong>vie,</strong></span> <span class='ocrx_word' id='word_1_124' title='bbox 644 1861 733 1938; x_wconf 75' lang='lat' dir='ltr'><strong>quem</strong></span> <span class='ocrx_word' id='word_1_125' title='bbox 757 1867 791 1918; x_wconf 91' lang='lat' dir='ltr'><strong>ut</strong></span> <span class='ocrx_word' id='word_1_126' title='bbox 812 1859 1004 1937; x_wconf 77' lang='lat' dir='ltr'><strong>replerentur.</strong></span> <span class='ocrx_word' id='word_1_127' title='bbox 1046 1859 1098 1922; x_wconf 82' lang='lat' dir='ltr'><strong>Ad</strong></span> <span class='ocrx_word' id='word_1_128' title='bbox 1118 1879 1177 1920; x_wconf 62' lang='lat' dir='ltr'><strong>me</strong></span> 
     </span>
     <span class='ocr_line' id='line_1_17' title="bbox 159 1954 1178 2034; baseline -0.001 -19"><span class='ocrx_word' id='word_1_129' title='bbox 159 1973 230 2016; x_wconf 87' lang='lat' dir='ltr'><strong>num</strong></span> <span class='ocrx_word' id='word_1_130' title='bbox 251 1955 336 2034; x_wconf 76' lang='lat' dir='ltr'><strong>sylva</strong></span> <span class='ocrx_word' id='word_1_131' title='bbox 347 1962 422 2030; x_wconf 81' lang='lat' dir='ltr'><strong>eret,</strong></span> <span class='ocrx_word' id='word_1_132' title='bbox 437 1973 524 2034; x_wconf 86' lang='lat' dir='ltr'><strong>quem</strong></span> <span class='ocrx_word' id='word_1_133' title='bbox 542 1954 610 2014; x_wconf 86' lang='lat' dir='ltr'><strong>Rex</strong></span> <span class='ocrx_word' id='word_1_134' title='bbox 634 1954 678 2012; x_wconf 90' lang='lat' dir='ltr'><strong>ita</strong></span> <span class='ocrx_word' id='word_1_135' title='bbox 701 1955 775 2014; x_wconf 78' lang='lat' dir='ltr'><strong>ooedi</strong></span> <span class='ocrx_word' id='word_1_136' title='bbox 793 1955 893 2032; x_wconf 87' lang='lat' dir='ltr'><strong>jussit,</strong></span> <span class='ocrx_word' id='word_1_137' title='bbox 906 1963 942 2014; x_wconf 88' lang='lat' dir='ltr'><strong>ut</strong></span> <span class='ocrx_word' id='word_1_138' title='bbox 964 1955 1036 2016; x_wconf 88' lang='lat' dir='ltr'><strong>nudi</strong></span> <span class='ocrx_word' id='word_1_139' title='bbox 1060 1955 1178 2033; x_wconf 83' lang='lat' dir='ltr'><strong>stipites</strong></span> 
     </span>
     <span class='ocr_line' id='line_1_18' title="bbox 166 2049 1175 2131; baseline -0.004 -19"><span class='ocrx_word' id='word_1_140' title='bbox 166 2055 352 2131; x_wconf 80' lang='lat' dir='ltr'><strong>jeoorentur:</strong></span> <span class='ocrx_word' id='word_1_141' title='bbox 372 2050 480 2130; x_wconf 88' lang='lat' dir='ltr'><strong>quippe</strong></span> <span class='ocrx_word' id='word_1_142' title='bbox 504 2049 578 2108; x_wconf 89' lang='lat' dir='ltr'><strong>remi</strong></span> <span class='ocrx_word' id='word_1_143' title='bbox 590 2049 694 2108; x_wconf 86' lang='lat' dir='ltr'><strong>froude</strong></span> <span class='ocrx_word' id='word_1_144' title='bbox 714 2050 815 2110; x_wconf 85' lang='lat' dir='ltr'><strong>vestiti</strong></span> <span class='ocrx_word' id='word_1_145' title='bbox 838 2049 1028 2128; x_wconf 80' lang='lat' dir='ltr'><strong>impedissent</strong></span> <span class='ocrx_word' id='word_1_146' title='bbox 1040 2052 1175 2110; x_wconf 82' lang='lat' dir='ltr'><strong>ferentes.</strong></span> 
     </span>
     <span class='ocr_line' id='line_1_19' title="bbox 162 2144 1178 2226; baseline -0.002 -20"><span class='ocrx_word' id='word_1_147' title='bbox 162 2148 232 2226; x_wconf 86' lang='lat' dir='ltr'><strong>Ipse</strong></span> <span class='ocrx_word' id='word_1_148' title='bbox 258 2146 372 2226; x_wconf 88' lang='lat' dir='ltr'><strong>primus</strong></span> <span class='ocrx_word' id='word_1_149' title='bbox 396 2147 548 2204; x_wconf 75' lang='lat' dir='ltr'><strong>&#39;uunoem</strong></span> <span class='ocrx_word' id='word_1_150' title='bbox 575 2144 708 2206; x_wconf 82' lang='lat' dir='ltr'><strong>erbonem</strong></span> <span class='ocrx_word' id='word_1_151' title='bbox 734 2144 815 2221; x_wconf 86' lang='lat' dir='ltr'><strong>jeoit,</strong></span> <span class='ocrx_word' id='word_1_152' title='bbox 839 2144 1002 2224; x_wconf 82' lang='lat' dir='ltr'><strong>olemorque</strong></span> <span class='ocrx_word' id='word_1_153' title='bbox 1029 2145 1178 2210; x_wconf 74' lang='lat' dir='ltr'><strong>exereitus</strong></span> 
     </span>
     <span class='ocr_line' id='line_1_20' title="bbox 161 2239 1177 2320; baseline -0.002 -18"><span class='ocrx_word' id='word_1_154' title='bbox 161 2244 252 2302; x_wconf 85' lang='lat' dir='ltr'><strong>index</strong></span> <span class='ocrx_word' id='word_1_155' title='bbox 266 2241 427 2302; x_wconf 76' lang='lat' dir='ltr'><strong>elem-itatis</strong></span> <span class='ocrx_word' id='word_1_156' title='bbox 441 2248 559 2301; x_wconf 84' lang='lat' dir='ltr'><strong>seeutue</strong></span> <span class='ocrx_word' id='word_1_157' title='bbox 572 2248 627 2316; x_wconf 87' lang='lat' dir='ltr'><strong>est,</strong></span> <span class='ocrx_word' id='word_1_158' title='bbox 641 2240 744 2300; x_wconf 72' lang='lat' dir='ltr'><strong>‘nullo</strong></span> <span class='ocrx_word' id='word_1_159' title='bbox 766 2240 946 2300; x_wconf 86' lang='lat' dir='ltr'><strong>detreotente</strong></span> <span class='ocrx_word' id='word_1_160' title='bbox 966 2259 1081 2316; x_wconf 85' lang='lat' dir='ltr'><strong>munus,</strong></span> <span class='ocrx_word' id='word_1_161' title='bbox 1097 2239 1177 2320; x_wconf 90' lang='lat' dir='ltr'><strong>quod</strong></span> 
     </span>
     <span class='ocr_line' id='line_1_21' title="bbox 163 2338 423 2414; baseline -0.008 -17"><span class='ocrx_word' id='word_1_162' title='bbox 163 2338 231 2398; x_wconf 81' lang='lat' dir='ltr'><strong>Rex</strong></span> <span class='ocrx_word' id='word_1_163' title='bbox 245 2341 423 2414; x_wconf 77' lang='lat' dir='ltr'><strong>oooupesset</strong></span> 
     </span>
    </p>

    <p class='ocr_par' dir='ltr' id='par_1_3' title="bbox 161 2427 1180 3365">
     <span class='ocr_line' id='line_1_22' title="bbox 223 2427 1178 2506; baseline 0.002 -18"><span class='ocrx_word' id='word_1_164' title='bbox 223 2433 271 2490; x_wconf 86' lang='grc'><strong>37.</strong></span> <span class='ocrx_word' id='word_1_165' title='bbox 293 2429 380 2488; x_wconf 87' lang='lat' dir='ltr'><strong>Intra</strong></span> <span class='ocrx_word' id='word_1_166' title='bbox 391 2429 548 2506; x_wconf 87' lang='lat' dir='ltr'><strong>septimum</strong></span> <span class='ocrx_word' id='word_1_167' title='bbox 562 2429 640 2488; x_wconf 89' lang='lat' dir='ltr'><strong>diem</strong></span> <span class='ocrx_word' id='word_1_168' title='bbox 653 2447 792 2488; x_wconf 79' lang='lat' dir='ltr'><strong>novennes</strong></span> <span class='ocrx_word' id='word_1_169' title='bbox 806 2427 1004 2506; x_wconf 73' lang='lat' dir='ltr'><strong>expleverant,</strong></span> <span class='ocrx_word' id='word_1_170' title='bbox 1018 2430 1088 2488; x_wconf 86' lang='lat' dir='ltr'><strong>edm</strong></span> <span class='ocrx_word' id='word_1_171' title='bbox 1109 2429 1178 2490; x_wconf 86' lang='lat' dir='ltr'><strong>Rex</strong></span> 
     </span>
     <span class='ocr_line' id='line_1_23' title="bbox 163 2522 1179 2604; baseline 0 -18"><span class='ocrx_word' id='word_1_172' title='bbox 163 2525 340 2604; x_wconf 84' lang='lat' dir='ltr'><strong>Sugitterios</strong></span> <span class='ocrx_word' id='word_1_173' title='bbox 364 2531 395 2581; x_wconf 92' lang='lat' dir='ltr'><strong>et</strong></span> <span class='ocrx_word' id='word_1_174' title='bbox 415 2524 561 2600; x_wconf 72' lang='lat' dir='ltr'><strong>Agrianos</strong></span> <span class='ocrx_word' id='word_1_175' title='bbox 582 2523 668 2598; x_wconf 88' lang='lat' dir='ltr'><strong>jubet</strong></span> <span class='ocrx_word' id='word_1_176' title='bbox 690 2522 857 2600; x_wconf 83' lang='lat' dir='ltr'><strong>perardus</strong></span> <span class='ocrx_word' id='word_1_177' title='bbox 879 2524 944 2584; x_wconf 83' lang='lat' dir='ltr'><strong>uiti</strong></span> <span class='ocrx_word' id='word_1_178' title='bbox 988 2524 1179 2604; x_wconf 67' lang='lat' dir='ltr'><strong>«Iuvenesque</strong></span> 
     </span>
     <span class='ocr_line' id='line_1_24' title="bbox 161 2617 1179 2696; baseline -0.001 -17"><span class='ocrx_word' id='word_1_179' title='bbox 161 2617 337 2679; x_wconf 76' lang='lat' dir='ltr'><strong>fortissimos</strong></span> <span class='ocrx_word' id='word_1_180' title='bbox 351 2637 388 2676; x_wconf 84' lang='lat' dir='ltr'><strong>ex</strong></span> <span class='ocrx_word' id='word_1_181' title='bbox 402 2621 457 2676; x_wconf 74' lang='lat' dir='ltr'><strong>sut</strong></span> <span class='ocrx_word' id='word_1_182' title='bbox 470 2617 589 2674; x_wconf 83' lang='lat' dir='ltr'><strong>eohorto</strong></span> <span class='ocrx_word' id='word_1_183' title='bbox 609 2617 753 2694; x_wconf 76' lang='lat' dir='ltr'><strong>tringinta</strong></span> <span class='ocrx_word' id='word_1_184' title='bbox 764 2617 884 2696; x_wconf 83' lang='lat' dir='ltr'><strong>delegit.</strong></span> <span class='ocrx_word' id='word_1_185' title='bbox 927 2618 1026 2678; x_wconf 89' lang='lat' dir='ltr'><strong>Duoes</strong></span> <span class='ocrx_word' id='word_1_186' title='bbox 1046 2619 1093 2678; x_wconf 87' lang='lat' dir='ltr'><strong>bis</strong></span> <span class='ocrx_word' id='word_1_187' title='bbox 1113 2620 1179 2680; x_wconf 87' lang='lat' dir='ltr'><strong>deti</strong></span> 
     </span>
     <span class='ocr_line' id='line_1_25' title="bbox 162 2711 1179 2794; baseline 0 -18"><span class='ocrx_word' id='word_1_188' title='bbox 162 2721 232 2776; x_wconf 80' lang='lat' dir='ltr'><strong>sunt</strong></span> <span class='ocrx_word' id='word_1_189' title='bbox 247 2711 369 2790; x_wconf 77' lang='lat' dir='ltr'><strong>Obsi-us,</strong></span> <span class='ocrx_word' id='word_1_190' title='bbox 379 2721 410 2774; x_wconf 87' lang='lat' dir='ltr'><strong>et</strong></span> <span class='ocrx_word' id='word_1_191' title='bbox 425 2711 605 2786; x_wconf 74' lang='lat' dir='ltr'><strong>Alexander,</strong></span> <span class='ocrx_word' id='word_1_192' title='bbox 615 2732 702 2791; x_wconf 88' lang='lat' dir='ltr'><strong>quem</strong></span> <span class='ocrx_word' id='word_1_193' title='bbox 717 2712 785 2772; x_wconf 83' lang='lat' dir='ltr'><strong>Rex</strong></span> <span class='ocrx_word' id='word_1_194' title='bbox 798 2714 934 2788; x_wconf 87' lang='lat' dir='ltr'><strong>nominis,</strong></span> <span class='ocrx_word' id='word_1_195' title='bbox 948 2715 1027 2794; x_wconf 91' lang='lat' dir='ltr'><strong>quod</strong></span> <span class='ocrx_word' id='word_1_196' title='bbox 1041 2715 1099 2776; x_wconf 88' lang='lat' dir='ltr'><strong>sibi</strong></span> <span class='ocrx_word' id='word_1_197' title='bbox 1112 2734 1179 2776; x_wconf 84' lang='lat' dir='ltr'><strong>oum</strong></span> 
     </span>
     <span class='ocr_line' id='line_1_26' title="bbox 163 2807 1178 2889; baseline -0.002 -16"><span class='ocrx_word' id='word_1_198' title='bbox 163 2831 197 2873; x_wconf 92' lang='lat' dir='ltr'><strong>eo</strong></span> <span class='ocrx_word' id='word_1_199' title='bbox 220 2829 370 2873; x_wconf 86' lang='lat' dir='ltr'><strong>eommune</strong></span> <span class='ocrx_word' id='word_1_200' title='bbox 394 2816 480 2884; x_wconf 88' lang='lat' dir='ltr'><strong>esset,</strong></span> <span class='ocrx_word' id='word_1_201' title='bbox 495 2807 653 2867; x_wconf 73' lang='lat' dir='ltr'><strong>admonuit.</strong></span> <span class='ocrx_word' id='word_1_202' title='bbox 696 2808 743 2866; x_wconf 90' lang='lat' dir='ltr'><strong>Ao</strong></span> <span class='ocrx_word' id='word_1_203' title='bbox 762 2807 870 2886; x_wconf 83' lang='lat' dir='ltr'><strong>primd,</strong></span> <span class='ocrx_word' id='word_1_204' title='bbox 884 2810 954 2889; x_wconf 88' lang='lat' dir='ltr'><strong>quia</strong></span> <span class='ocrx_word' id='word_1_205' title='bbox 968 2817 1029 2868; x_wconf 84' lang='lat' dir='ltr'><strong>tam</strong></span> <span class='ocrx_word' id='word_1_206' title='bbox 1043 2811 1178 2871; x_wconf 86' lang='lat' dir='ltr'><strong>menifes-</strong></span> 
     </span>
     <span class='ocr_line' id='line_1_27' title="bbox 162 2903 1179 2986; baseline -0.003 -19"><span class='ocrx_word' id='word_1_207' title='bbox 162 2916 225 2967; x_wconf 86' lang='lat' dir='ltr'><strong>tum</strong></span> <span class='ocrx_word' id='word_1_208' title='bbox 239 2906 401 2986; x_wconf 84' lang='lat' dir='ltr'><strong>perieulum</strong></span> <span class='ocrx_word' id='word_1_209' title='bbox 416 2911 486 2980; x_wconf 84' lang='lat' dir='ltr'><strong>eret,</strong></span> <span class='ocrx_word' id='word_1_210' title='bbox 501 2905 597 2983; x_wconf 87' lang='lat' dir='ltr'><strong>ipsum</strong></span> <span class='ocrx_word' id='word_1_211' title='bbox 612 2903 725 2982; x_wconf 87' lang='lat' dir='ltr'><strong>Regem</strong></span> <span class='ocrx_word' id='word_1_212' title='bbox 747 2903 902 2964; x_wconf 88' lang='lat' dir='ltr'><strong>disorimen</strong></span> <span class='ocrx_word' id='word_1_213' title='bbox 917 2904 1016 2966; x_wconf 86' lang='lat' dir='ltr'><strong>subire</strong></span> <span class='ocrx_word' id='word_1_214' title='bbox 1029 2923 1087 2966; x_wconf 89' lang='lat' dir='ltr'><strong>non</strong></span> <span class='ocrx_word' id='word_1_215' title='bbox 1100 2905 1179 2984; x_wconf 85' lang='lat' dir='ltr'><strong>&#39;ple-</strong></span> 
     </span>
     <span class='ocr_line' id='line_1_28' title="bbox 163 2998 1179 3078; baseline 0.001 -17"><span class='ocrx_word' id='word_1_216' title='bbox 163 3003 233 3061; x_wconf 83' lang='lat' dir='ltr'><strong>eeit</strong></span> <span class='ocrx_word' id='word_1_217' title='bbox 278 3002 338 3062; x_wconf 83' lang='lat' dir='ltr'><strong>Sed</strong></span> <span class='ocrx_word' id='word_1_218' title='bbox 350 3009 385 3060; x_wconf 91' lang='lat' dir='ltr'><strong>ut</strong></span> <span class='ocrx_word' id='word_1_219' title='bbox 405 3001 519 3078; x_wconf 80' lang='lat' dir='ltr'><strong>signum</strong></span> <span class='ocrx_word' id='word_1_220' title='bbox 533 2999 607 3060; x_wconf 70' lang='lat' dir='ltr'><strong>tube</strong></span> <span class='ocrx_word' id='word_1_221' title='bbox 622 2998 723 3058; x_wconf 90' lang='lat' dir='ltr'><strong>detum</strong></span> <span class='ocrx_word' id='word_1_222' title='bbox 737 3006 792 3075; x_wconf 87' lang='lat' dir='ltr'><strong>est,</strong></span> <span class='ocrx_word' id='word_1_223' title='bbox 807 2999 853 3060; x_wconf 82' lang='lat' dir='ltr'><strong>vir</strong></span> <span class='ocrx_word' id='word_1_224' title='bbox 876 3000 1005 3060; x_wconf 88' lang='lat' dir='ltr'><strong>eudeoiee</strong></span> <span class='ocrx_word' id='word_1_225' title='bbox 1026 3007 1179 3078; x_wconf 77' lang='lat' dir='ltr'><strong>prompte,</strong></span> 
     </span>
     <span class='ocr_line' id='line_1_29' title="bbox 164 3093 1179 3174; baseline -0.001 -19"><span class='ocrx_word' id='word_1_226' title='bbox 164 3113 319 3156; x_wconf 75' lang='lat' dir='ltr'><strong>eonversus</strong></span> <span class='ocrx_word' id='word_1_227' title='bbox 332 3095 370 3154; x_wconf 85' lang='lat' dir='ltr'><strong>ad</strong></span> <span class='ocrx_word' id='word_1_228' title='bbox 391 3098 520 3174; x_wconf 82' lang='lat' dir='ltr'><strong>eorporis</strong></span> <span class='ocrx_word' id='word_1_229' title='bbox 534 3093 679 3170; x_wconf 89' lang='lat' dir='ltr'><strong>onstodes,</strong></span> <span class='ocrx_word' id='word_1_230' title='bbox 693 3095 775 3173; x_wconf 89' lang='lat' dir='ltr'><strong>sequi</strong></span> <span class='ocrx_word' id='word_1_231' title='bbox 789 3113 820 3154; x_wconf 90' lang='lat' dir='ltr'><strong>se</strong></span> <span class='ocrx_word' id='word_1_232' title='bbox 842 3095 936 3174; x_wconf 89' lang='lat' dir='ltr'><strong>jubet,</strong></span> <span class='ocrx_word' id='word_1_233' title='bbox 950 3095 1118 3174; x_wconf 85' lang='lat' dir='ltr'><strong>primusque</strong></span> <span class='ocrx_word' id='word_1_234' title='bbox 1138 3095 1179 3154; x_wconf 87' lang='lat' dir='ltr'><strong>in·</strong></span> 
     </span>
     <span class='ocr_line' id='line_1_30' title="bbox 165 3187 1179 3269; baseline -0.003 -18"><span class='ocrx_word' id='word_1_235' title='bbox 165 3191 247 3251; x_wconf 79' lang='lat' dir='ltr'><strong>redit</strong></span> <span class='ocrx_word' id='word_1_236' title='bbox 261 3191 291 3248; x_wconf 93' lang='lat' dir='ltr'><strong>in</strong></span> <span class='ocrx_word' id='word_1_237' title='bbox 302 3209 415 3267; x_wconf 81' lang='lat' dir='ltr'><strong>rupem.</strong></span> <span class='ocrx_word' id='word_1_238' title='bbox 458 3191 487 3249; x_wconf 91' lang='lat' dir='ltr'>N</span> <span class='ocrx_word' id='word_1_239' title='bbox 490 3209 522 3248; x_wconf 91' lang='lat' dir='ltr'><strong>eo</strong></span> <span class='ocrx_word' id='word_1_240' title='bbox 535 3187 643 3248; x_wconf 78' lang='lat' dir='ltr'><strong>deinde</strong></span> <span class='ocrx_word' id='word_1_241' title='bbox 656 3190 809 3269; x_wconf 81' lang='lat' dir='ltr'><strong>quisquam</strong></span> <span class='ocrx_word' id='word_1_242' title='bbox 829 3190 1022 3252; x_wconf 76' lang='lat' dir='ltr'><strong>Menedemum</strong></span> <span class='ocrx_word' id='word_1_243' title='bbox 1035 3189 1179 3263; x_wconf 85' lang='lat' dir='ltr'><strong>substitit,</strong></span> 
     </span>
     <span class='ocr_line' id='line_1_31' title="bbox 165 3283 1180 3365; baseline 0 -21"><span class='ocrx_word' id='word_1_244' title='bbox 165 3283 333 3364; x_wconf 86' lang='lat' dir='ltr'><strong>reliotisque</strong></span> <span class='ocrx_word' id='word_1_245' title='bbox 347 3283 522 3344; x_wconf 87' lang='lat' dir='ltr'><strong>stationibus</strong></span> <span class='ocrx_word' id='word_1_246' title='bbox 537 3289 591 3344; x_wconf 74' lang='lat' dir='ltr'><strong>sut</strong></span> <span class='ocrx_word' id='word_1_247' title='bbox 605 3292 708 3362; x_wconf 90' lang='lat' dir='ltr'><strong>sponte</strong></span> <span class='ocrx_word' id='word_1_248' title='bbox 729 3285 843 3363; x_wconf 76' lang='lat' dir='ltr'><strong>Regem</strong></span> <span class='ocrx_word' id='word_1_249' title='bbox 856 3285 1060 3365; x_wconf 71' lang='lat' dir='ltr'><strong>sequebantur.</strong></span> <span class='ocrx_word' id='word_1_250' title='bbox 1104 3283 1180 3344; x_wconf 84' lang='lat' dir='ltr'><strong>Mul·</strong></span> 
     </span>
    </p>
   </div>
   <div class='ocr_carea' id='block_1_3' title="bbox 165 3377 1183 3932">
    <p class='ocr_par' dir='ltr' id='par_1_4' title="bbox 165 3377 1183 3932">
     <span class='ocr_line' id='line_1_32' title="bbox 165 3377 1181 3459; baseline -0.004 -17"><span class='ocrx_word' id='word_1_251' title='bbox 165 3393 262 3442; x_wconf 85' lang='lat' dir='ltr'><strong>torum</strong></span> <span class='ocrx_word' id='word_1_252' title='bbox 282 3377 456 3438; x_wconf 77' lang='lat' dir='ltr'><strong>miserabilis</strong></span> <span class='ocrx_word' id='word_1_253' title='bbox 469 3378 529 3436; x_wconf 80' lang='lat' dir='ltr'><strong>fuit</strong></span> <span class='ocrx_word' id='word_1_254' title='bbox 542 3397 647 3456; x_wconf 80' lang='lat' dir='ltr'><strong>oesus3</strong></span> <span class='ocrx_word' id='word_1_255' title='bbox 667 3398 741 3458; x_wconf 88' lang='lat' dir='ltr'><strong>quos</strong></span> <span class='ocrx_word' id='word_1_256' title='bbox 761 3399 798 3438; x_wconf 87' lang='lat' dir='ltr'><strong>ex</strong></span> <span class='ocrx_word' id='word_1_257' title='bbox 817 3384 968 3457; x_wconf 76' lang='lat' dir='ltr'><strong>preernptt</strong></span> <span class='ocrx_word' id='word_1_258' title='bbox 988 3399 1061 3459; x_wconf 82' lang='lat' dir='ltr'><strong>rupe</strong></span> <span class='ocrx_word' id='word_1_259' title='bbox 1081 3380 1181 3457; x_wconf 86' lang='lat' dir='ltr'><strong>lepsos</strong></span> 
     </span>
     <span class='ocr_line' id='line_1_33' title="bbox 166 3472 1181 3553; baseline -0.002 -17"><span class='ocrx_word' id='word_1_260' title='bbox 166 3477 260 3536; x_wconf 86' lang='lat' dir='ltr'><strong>emnis</strong></span> <span class='ocrx_word' id='word_1_261' title='bbox 281 3473 479 3553; x_wconf 76' lang='lat' dir='ltr'><strong>praeterfluens</strong></span> <span class='ocrx_word' id='word_1_262' title='bbox 501 3472 607 3532; x_wconf 86' lang='lat' dir='ltr'><strong>heusit</strong></span> <span class='ocrx_word' id='word_1_263' title='bbox 651 3473 769 3534; x_wconf 69' lang='lat' dir='ltr'><strong>‘Triste</strong></span> <span class='ocrx_word' id='word_1_264' title='bbox 793 3474 990 3552; x_wconf 83' lang='lat' dir='ltr'><strong>speoteoulum</strong></span> <span class='ocrx_word' id='word_1_265' title='bbox 1013 3475 1102 3536; x_wconf 80' lang='lat' dir='ltr'><strong>etiem</strong></span> <span class='ocrx_word' id='word_1_266' title='bbox 1121 3493 1181 3536; x_wconf 82' lang='lat' dir='ltr'><strong>eon</strong></span> 
     </span>
     <span class='ocr_line' id='line_1_34' title="bbox 166 3566 1181 3651; baseline -0.004 -20"><span class='ocrx_word' id='word_1_267' title='bbox 166 3570 407 3651; x_wconf 84' lang='lat' dir='ltr'><strong>perielitentibus.</strong></span> <span class='ocrx_word' id='word_1_268' title='bbox 450 3566 527 3629; x_wconf 80' lang='lat' dir='ltr'><strong>oen</strong></span> <span class='ocrx_word' id='word_1_269' title='bbox 540 3570 611 3626; x_wconf 78' lang='lat' dir='ltr'><strong>verb</strong></span> <span class='ocrx_word' id='word_1_270' title='bbox 626 3567 723 3626; x_wconf 87' lang='lat' dir='ltr'><strong>alieno</strong></span> <span class='ocrx_word' id='word_1_271' title='bbox 737 3567 838 3642; x_wconf 84' lang='lat' dir='ltr'><strong>exitio,</strong></span> <span class='ocrx_word' id='word_1_272' title='bbox 851 3568 924 3647; x_wconf 89' lang='lat' dir='ltr'><strong>quid</strong></span> <span class='ocrx_word' id='word_1_273' title='bbox 936 3569 1009 3648; x_wconf 84' lang='lat' dir='ltr'><strong>ipsis</strong></span> <span class='ocrx_word' id='word_1_274' title='bbox 1020 3569 1181 3628; x_wconf 86' lang='lat' dir='ltr'><strong>timendum</strong></span> 
     </span>
     <span class='ocr_line' id='line_1_35' title="bbox 166 3663 1181 3744; baseline -0.004 -18"><span class='ocrx_word' id='word_1_275' title='bbox 166 3670 252 3744; x_wconf 78' lang='lat' dir='ltr'><strong>toret,</strong></span> <span class='ocrx_word' id='word_1_276' title='bbox 277 3667 510 3739; x_wconf 79' lang='lat' dir='ltr'><strong>admouerentur,</strong></span> <span class='ocrx_word' id='word_1_277' title='bbox 531 3663 561 3722; x_wconf 93' lang='lat' dir='ltr'><strong>in</strong></span> <span class='ocrx_word' id='word_1_278' title='bbox 585 3669 697 3722; x_wconf 79' lang='lat' dir='ltr'><strong>metum</strong></span> <span class='ocrx_word' id='word_1_279' title='bbox 722 3663 922 3724; x_wconf 79' lang='lat' dir='ltr'><strong>miserioordit</strong></span> <span class='ocrx_word' id='word_1_280' title='bbox 944 3667 1039 3737; x_wconf 70' lang='lat' dir='ltr'><strong>verse,</strong></span> <span class='ocrx_word' id='word_1_281' title='bbox 1054 3685 1113 3724; x_wconf 88' lang='lat' dir='ltr'><strong>non</strong></span> <span class='ocrx_word' id='word_1_282' title='bbox 1135 3684 1181 3722; x_wconf 83' lang='lat' dir='ltr'><strong>ex·</strong></span> 
     </span>
     <span class='ocr_line' id='line_1_36' title="bbox 166 3757 1181 3837; baseline 0 -21"><span class='ocrx_word' id='word_1_283' title='bbox 166 3763 284 3834; x_wconf 76' lang='lat' dir='ltr'><strong>tinctos,</strong></span> <span class='ocrx_word' id='word_1_284' title='bbox 300 3761 351 3820; x_wconf 88' lang='lat' dir='ltr'><strong>sed</strong></span> <span class='ocrx_word' id='word_1_285' title='bbox 366 3761 534 3837; x_wconf 87' lang='lat' dir='ltr'><strong>semetipsos</strong></span> <span class='ocrx_word' id='word_1_286' title='bbox 549 3758 701 3818; x_wconf 74' lang='lat' dir='ltr'><strong>deflebant</strong></span> <span class='ocrx_word' id='word_1_287' title='bbox 745 3757 788 3816; x_wconf 81' lang='lat' dir='ltr'><strong>Et</strong></span> <span class='ocrx_word' id='word_1_288' title='bbox 799 3760 861 3834; x_wconf 88' lang='lat' dir='ltr'><strong>jem</strong></span> <span class='ocrx_word' id='word_1_289' title='bbox 873 3760 908 3818; x_wconf 84' lang='lat' dir='ltr'><strong>od</strong></span> <span class='ocrx_word' id='word_1_290' title='bbox 921 3765 1094 3836; x_wconf 85' lang='lat' dir='ltr'><strong>perventum</strong></span> <span class='ocrx_word' id='word_1_291' title='bbox 1109 3766 1181 3832; x_wconf 84' lang='lat' dir='ltr'><strong>eret,</strong></span> 
     </span>
     <span class='ocr_line' id='line_1_37' title="bbox 169 3851 1183 3932; baseline 0.003 -23"><span class='ocrx_word' id='word_1_292' title='bbox 169 3851 243 3910; x_wconf 84' lang='lat' dir='ltr'><strong>unde</strong></span> <span class='ocrx_word' id='word_1_293' title='bbox 257 3855 319 3912; x_wconf 89' lang='lat' dir='ltr'><strong>sine</strong></span> <span class='ocrx_word' id='word_1_294' title='bbox 333 3856 471 3932; x_wconf 87' lang='lat' dir='ltr'><strong>pernioie,</strong></span> <span class='ocrx_word' id='word_1_295' title='bbox 485 3855 544 3914; x_wconf 88' lang='lat' dir='ltr'><strong>nisi</strong></span> <span class='ocrx_word' id='word_1_296' title='bbox 557 3855 695 3926; x_wconf 77' lang='lat' dir='ltr'><strong>victores,</strong></span> <span class='ocrx_word' id='word_1_297' title='bbox 711 3853 809 3914; x_wconf 84' lang='lat' dir='ltr'><strong>redire</strong></span> <span class='ocrx_word' id='word_1_298' title='bbox 823 3873 879 3912; x_wconf 92' lang='lat' dir='ltr'><strong>non</strong></span> <span class='ocrx_word' id='word_1_299' title='bbox 893 3859 1030 3931; x_wconf 88' lang='lat' dir='ltr'><strong>posseut;</strong></span> <span class='ocrx_word' id='word_1_300' title='bbox 1053 3854 1183 3932; x_wconf 76' lang='lat' dir='ltr'><strong>ingentia</strong></span> 
     </span>
    </p>
   </div>
   <div class='ocr_carea' id='block_1_4' title="bbox 0 0 1337 4386">
    <p class='ocr_par' dir='ltr' id='par_1_5' title="bbox 0 0 1337 4386">
     <span class='ocr_line' id='line_1_38' title="bbox 0 0 1337 4386; baseline 0 0"><span class='ocrx_word' id='word_1_301' title='bbox 0 0 1337 4386; x_wconf 95' lang='lat' dir='ltr'><strong> </strong></span> 
     </span>
    </p>
   </div>
   <div class='ocr_carea' id='block_1_5' title="bbox 1317 3181 1323 3988">
    <p class='ocr_par' dir='ltr' id='par_1_6' title="bbox 1317 3181 1323 3988">
     <span class='ocr_line' id='line_1_39' title="bbox 1317 3181 1323 3988; baseline 0 0"><span class='ocrx_word' id='word_1_302' title='bbox 1317 3181 1323 3988; x_wconf 95' lang='lat' dir='ltr'><strong> </strong></span> 
     </span>
    </p>
   </div>
  </div>
 </body>
</html>
