2520 4390
196 385 236 446 ⁷4
543 379 682 453 cururr
712 397 852 441 oraru

194 539 307 620 ingenti
321 539 399 600 caede
412 545 575 618 prostratos
588 539 695 614 hostes,
710 538 748 599 ad
761 537 898 596 ultimum
912 535 1000 595 etiam
1021 533 1206 612 impedimen·

194 633 234 692 tis
256 641 360 694 exutos
384 653 447 694 esse
470 632 755 713 nunciant1quippe
778 631 908 692 eamdem
928 631 1077 688 fortunam
1100 629 1208 708 ubiqud

195 747 259 787 esse
285 727 449 804 eredebant,
478 736 508 787 et
534 730 660 788 victores
683 728 791 787 Persas
815 726 853 784 ad
872 725 1001 804 praedam
1025 723 1206 783 discurrisse

195 821 384 901 Sisygambis,
407 824 593 884 hortantibus
615 823 739 901 captivis
759 829 795 880 ut
816 821 943 880 animum
963 839 981 879 a
1001 837 1128 878 moerore
1143 818 1204 876 alls

194 925 286 992 varst,
300 917 331 976 in
345 919 455 992 eodem,
469 937 526 997 quo
541 925 627 976 autea
650 916 715 994 fnit,
729 915 934 994 perseveravit.
976 911 1005 972 N
1007 933 1045 972 on
1065 931 1127 971 vox
1152 912 1207 972 ulla

195 1011 307 1070 excidit
333 1012 376 1088 οἱς
411 1031 469 1070 non
501 1011 560 1071 oris
594 1011 672 1070 oolor
704 1011 839 1073 vultusve
866 1014 995 1069 mutatus
1030 1014 1098 1067 est:
1135 1008 1207 1066 sedit

194 1105 371 1167 immobilis:
403 1106 510 1182 (credo,
538 1107 685 1184 ‘praecoce
714 1105 820 1185 gaudio
848 1105 941 1164 verita
969 1103 1120 1162 fortunam
1148 1102 1206 1161 irri-

195 1203 279 1279 tare)
294 1201 366 1260 adeo
380 1208 422 1276 ut,
437 1202 508 1280 quid
527 1201 636 1276 mallet,
657 1201 838 1260 intuentibus
852 1219 924 1274 eam,
938 1197 1029 1257 fuerit
1041 1197 1198 1256 incertum

255 1298 301 1356 57.
325 1295 408 1356 Inter
435 1297 497 1356 haee
525 1296 660 1356 Menidas
686 1295 841 1374 praefectus
868 1293 997 1372 equitum
1031 1291 1206 1365 Alexandri,
1254 1331 1255 1370 ,

194 1407 260 1448 cnm
283 1391 383 1470 paucis
408 1391 514 1450 turmis
542 1409 625 1469 opem
651 1389 864 1468 impedimentis
892 1387 1004 1446 laturus
1031 1385 1205 1461 advenerat,

194 1485 360 1562 'incertum
382 1490 471 1546 suone
493 1485 622 1560 oonsilio,
648 1503 684 1543 au
708 1483 801 1563 Regis
824 1482 963 1560 imperio:
991 1480 1043 1540 sed
1066 1499 1131 1539 non
1151 1499 1206 1542 sus

195 1579 285 1636 tinnit
300 1579 501 1654 Cadusiorum,
524 1578 753 1657 Scytharumque
772 1578 930 1656 impetum:
952 1575 1058 1655 qnippe
1073 1575 1129 1634 vix
1151 1584 1206 1636 teu·

195 1677 257 1728 tato
271 1672 437 1746 certamine,
453 1672 557 1750 effugit
570 1672 608 1729 ad
621 1671 741 1749 Regem,
749 1671 921 1730 amissorum
934 1669 1206 1748 impedimentorum

195 1765 280 1822 testis
301 1765 402 1844 magis,
416 1767 504 1844 quam
525 1765 639 1824 vindex.
683 1765 753 1824 Jam
775 1765 931 1825 consilium
944 1763 1113 1825 Alexandri
1135 1766 1205 1825 viee

194 1865 241 1918 rat
267 1857 379 1934 ⁸dolor,
407 1866 438 1920 et
462 1879 499 1918 ue
526 1879 595 1918 cura
623 1861 813 1938 recuperandi
840 1881 893 1920 sua
920 1859 1044 1918 militem
1064 1879 1084 1917 a
1106 1859 1206 1938 praelio

195 1959 347 2029 averteret,
368 1973 427 2014 nou
447 1953 592 2014 immeritd
611 1955 772 2016 verebatur.
815 1955 920 2034 Itaque
942 1955 1073 2028 Atatem,
1105 1955 1206 2013 ducem

197 2049 386 2125 hastatorum,
422 2049 679 2128 (⁰Scrtrscphcros
712 2051 876 2130 vocabant)
909 2051 1048 2114 adversus
1083 2051 1207 2129 Scythas

195 2144 297 2204 mittit.
339 2143 423 2206 Inter
435 2145 498 2206 haeo
511 2165 621 2224 currus,
635 2147 654 2175 ²⁰
662 2146 715 2224 qni
726 2145 803 2204 cirea
815 2145 908 2223 prima
922 2145 1004 2222 signa
1017 2145 1208 2205 turbaverant

195 2241 295 2316 aciem,
309 2241 340 2300 in
353 2241 525 2320 phalangem
539 2241 647 2304 invecti
661 2248 752 2301 orout.
804 2241 987 2315 Macedones,
1002 2241 1021 2272 ¹¹
1030 2241 1208 2300 confirmatis

195 2337 308 2411 animis,
322 2337 354 2394 iu
366 2337 493 2396 medium
507 2357 609 2416 agmen
622 2337 775 2415 accipiunt.
817 2335 907 2395 Vallo
921 2334 1025 2395 similis
1038 2335 1118 2395 acies
1132 2343 1207 2412 erat;

201 2433 361 2505 junxerant
374 2429 481 2504 hastas,
497 2437 527 2488 et
540 2431 576 2491 ab
589 2437 714 2509 utroque
734 2431 826 2490 latere
839 2431 947 2489 temere
968 2429 988 2460 ¹¹
996 2430 1209 2490 incurrentium

195 2523 247 2579 ilia
260 2521 471 2582 suffodiebant:
493 2523 644 2583 circumire
659 2525 763 2584 deinde
778 2543 887 2603 currus,
900 2539 931 2584 et
949 2523 1209 2604 ”propugnatores
1254 2513 1255 2592 l

195 2615 377 2693 praecipitare
391 2623 547 2694 coeperunt.
589 2617 698 2696 Ingens
719 2619 804 2678 ruina
826 2639 966 2699 equorum
986 2619 1210 2700 aurigarumque

196 2710 287 2770 aciem
310 2710 513 2788 compleverat⁴
556 2711 600 2770 Hi
623 2713 742 2773 territos
763 2735 863 2794 regere
884 2733 942 2774 non
968 2720 1123 2792 poterant:
1144 2716 1212 2794 equi

196 2805 298 2868 orebrt
326 2805 486 2886 jactatione
508 2807 660 2882 cervicum,
688 2827 746 2868 nou
771 2811 875 2887 jugum
900 2809 986 2868 modd
1012 2817 1211 2884 excusserant,

197 2901 249 2960 sed
263 2901 352 2960 etiam
366 2919 468 2962 currus
491 2908 673 2962 everterant:
694 2902 1017 2963 vulneratiinterieotos
1037 2903 1211 2965 trahebant:

196 3013 249 3052 neo
263 2995 419 3056 consistere
432 2997 537 3072 territi,
552 3015 607 3057 neo
618 2997 754 3076 progredi
767 2997 877 3058 debiles
889 3004 1031 3075 poterant.
1074 2997 1094 3026 ¹⁴
1102 2997 1213 3058 Pauca

197 3095 293 3146 tamen
317 3093 433 3148 evasere
457 3091 608 3172 quadriges
631 3092 663 3151 in
688 3091 822 3151 ultimam
849 3093 948 3167 aciem,
971 3093 1019 3167 lis,
1041 3091 1152 3171 quibus
1173 3093 1213 3151 in·

198 3181 339 3257 ciderunt,
353 3183 513 3244 miserabili
525 3195 618 3246 morte
632 3188 825 3265 consumptis3
846 3187 954 3266 quippe
975 3193 1127 3264 amputata
1139 3188 1215 3248 viro·

163 3351 166 3355 .
197 3297 262 3338 rum
274 3276 404 3336 membra
415 3277 498 3338 humi
508 3282 650 3357 jacebant.
694 3281 848 3361 '‘Iltquia
861 3282 963 3341 calidis
977 3282 1071 3342 adhue
1084 3282 1214 3342 vulneri·

197 3375 252 3436 bus
274 3371 375 3432 aberat
396 3371 489 3448 dolor,
504 3377 601 3434 trunci
622 3395 744 3457 quoque,
759 3384 789 3436 et
802 3377 921 3452 debiles,
936 3397 1015 3436 arma
1034 3383 1134 3436 umen
1155 3395 1214 3436 non

198 3467 387 3529 omittebant:
409 3466 501 3528 donec
523 3469 617 3530 multo
639 3473 778 3550 sanguine
800 3473 890 3532 effuso
906 3471 1064 3532 exanimati
1076 3490 1215 3549 procum·

197 3563 307 3624 beraut.

257 3660 304 3716 58.
327 3655 454 3717 Interim
467 3656 584 3732 Aretes,
600 3655 783 3736 Scytharum,
797 3661 848 3738 qui
868 3659 1074 3738 impedimenta
1094 3658 1217 3738 diripio·

197 3747 276 3824 bant,
291 3751 363 3810 dnoe
376 3751 481 3826 occiso,
494 3751 609 3830 gravium
631 3754 743 3812 territis
762 3755 897 3815 Instabat.
940 3754 1145 3832 Supervenere
1168 3756 1217 3814 do·

197 3843 266 3904 indd
289 3845 371 3904 missi
395 3865 414 3906 a
437 3846 527 3908 Dario
546 3845 704 3923 Bactriani,
732 3867 893 3930 pugnasque
910 3856 1025 3911 vertere
1050 3849 1214 3911 fortunam
