2600 4394
113 327 153 386 m
463 343 603 395 onrurr
631 343 770 385 cuurrr

113 482 334 562 majorumqui
351 482 502 544 universas
514 483 593 544 vires
614 501 726 562 semper
739 481 901 541 discrimini
920 481 1064 543 bellorum
1077 483 1123 544 ob·
1224 503 1229 508 ’

114 581 250 640 tulerant.
263 621 273 638 .
293 579 335 638 Et
348 578 465 638 hercule
476 579 636 640 terribilem
646 587 732 638 antea
743 577 854 656 Regem
865 585 895 636 et
909 579 918 608 ⁷
929 579 1061 638 absentie
1072 585 1123 638 snt

114 675 152 734 ud
171 694 275 734 venam
294 674 429 734 fiduciam
451 674 569 749 elatum,
584 682 736 754 postquam
760 673 916 733 adventare
939 693 969 732 se
993 673 1123 748 senserit,

115 777 233 828 cautum
246 789 298 847 pro
312 769 464 828 temerario
477 771 596 844 iactum,
608 769 758 828 delituisse
772 768 849 828 inter
860 770 1006 847 angustias
1021 769 1124 843 saltus,

114 865 176 922 ritu
189 864 359 942 ignobilium
372 865 508 940 ferarum,
522 885 589 944 quas
609 865 735 942 strepitu
754 866 993 942 praetereuntium
1014 864 1124 938 audito,

115 959 263 1036 sylvarum
282 959 403 1020 latebris
417 978 449 1018 se
467 959 664 1018 occuluerunt.
708 959 731 1018 J
732 979 778 1018 am
798 959 886 1018 etiam
898 959 1075 1020 valetudinis
1090 959 1125 1017 si·
1215 985 1218 992 ·

115 1053 272 1112 mulatione
293 1053 430 1112 frustrari
444 1073 511 1112 snos
525 1054 641 1129 milites,
657 1054 708 1112 sed
727 1073 786 1114 non
805 1055 932 1132 amplius
953 1055 1048 1132 ipsum
1064 1073 1125 1112 esse
1226 1101 1228 1106 .

115 1167 268 1230 passurum
282 1149 445 1208 detrectare
459 1155 612 1208 certamen.
656 1148 693 1208 In
707 1149 759 1208 illo
774 1169 871 1226 specu,
883 1151 913 1208 in
927 1169 1013 1229 quem
1026 1147 1126 1226 pavidi

115 1244 311 1318 recessissent,
325 1263 531 1322 oppressurum
545 1263 608 1305 esse
623 1243 818 1305 cunctantes.”
860 1245 934 1305 Haec
945 1245 1125 1323 magnificen-

11 1411 12 1414 Ἴ
116 1341 179 1400 tius
190 1342 308 1417 jactata,
337 1341 406 1398 uam
419 1340 529 1399 verius

181 1439 225 1494 19.
249 1433 398 1498 Caeterum
417 1435 542 1513 pecuniai
562 1437 648 1510 omni,
663 1437 807 1514 rebusque
827 1435 1053 1514 pretiosissimis,
1069 1435 1126 1493 Da-

117 1551 245 1592 mascum
260 1530 354 1607 Syriae
368 1550 432 1588 cum
449 1531 561 1589 modico
581 1531 718 1608 praesidio
732 1531 860 1588 militum
880 1533 986 1604 missis,
1001 1531 1127 1608 reliquas

117 1627 215 1704 copias
235 1627 266 1684 in
288 1625 421 1686 Ciliciam
441 1625 536 1699 duxit,
558 1625 778 1704 insequentibus
802 1645 881 1684 more
906 1627 1000 1702 patrio
1025 1645 1126 1702 agmen

117 1725 238 1800 conjuge
253 1728 283 1780 et
296 1728 397 1780 matre.
440 1720 580 1799 Virgines
602 1741 714 1800 quoque
737 1741 802 1779 cum
825 1739 914 1798 parvo
927 1722 988 1780 iilic
1004 1721 1128 1787 nomita-

118 1819 224 1880 bentur
238 1825 357 1895 patrem.
400 1815 508 1875 ⁸Ilortd
524 1817 627 1875 eadem
640 1825 724 1876 nocte
739 1817 953 1876 et⁴Alexander
967 1817 1004 1875 ed
1018 1817 1126 1890 fauces,

117 1915 222 1994 quibus
238 1913 323 1991 Syris
337 1912 442 1988 aditur,
455 1920 484 1970 et
499 1911 607 1971 Darius
621 1913 734 1971 adeum
747 1913 850 1988 locum,
862 1933 947 1994 quem
959 1913 1128 1972 Amanicas

119 2009 217 2087 Pylas
239 2016 352 2083 vocant,
367 2008 506 2086 pervenit.
552 2007 615 2066 Nec
640 2009 811 2068 dubitavere
837 2009 945 2085 Persae,
967 2011 1037 2089 quin
1062 2009 1127 2068 Isso

117 2105 228 2180 relicte,
242 2125 329 2182 quam
343 2109 482 2181 ceperant,
497 2103 671 2163 Macedones
685 2105 826 2182 fugerent.
871 2105 899 2164 N
902 2125 948 2164 am
962 2106 1050 2164 etiam
1064 2121 1128 2163 san·
1208 2170 1213 2178 ‚

14 2258 16 2263 ,
118 2201 157 2260 cii
170 2200 288 2280 quidam
302 2207 332 2258 et
345 2198 475 2274 invalidi,
489 2199 541 2279 qui
561 2219 664 2278 agmen
685 2219 743 2260 non
767 2207 902 2278 poterant
924 2201 1067 2280 persequi,
1082 2219 1128 2258 ex·

119 2297 196 2373 cepti
218 2301 329 2354 erant·
352 2294 433 2364 Quos
456 2314 563 2369 omnes,
588 2296 730 2355 instinctu
749 2304 984 2374 purpuratorum,
1007 2296 1129 2356 barbara

119 2391 237 2449 feritate
252 2389 441 2460 saevientium,
456 2389 584 2463 praecisis
599 2391 768 2466 adustisque
789 2392 921 2448 manibus
943 2390 1128 2463 circumduci,

118 2495 154 2544 ut
168 2483 263 2560 copias
277 2500 343 2540 sues
357 2488 524 2557 noscerent,
547 2483 675 2559 satisque
687 2483 819 2540 omnibus
835 2485 983 2558 spectatis,
992 2486 1130 2542 nunciare

120 2600 186 2660 quae
199 2577 350 2651 vidissent,
366 2575 444 2654 Regi
467 2593 519 2634 suo
539 2576 637 2651 jussit.
681 2575 772 2634 Motis
794 2577 863 2654 ergd
885 2577 996 2650 castris,
1012 2585 1130 2654 superat

120 2676 260 2736 Pinarum
282 2692 403 2746 emnem,
419 2671 449 2729 in
469 2671 569 2749 tergis,
584 2678 618 2728 ut
631 2671 777 2745 credebat,
791 2671 966 2748 fugientium
988 2673 1127 2732 haesuros.
1233 2669 1236 2676 ’

122 2773 165 2832 At
187 2772 241 2846 illi,
258 2789 381 2848 quorum
405 2773 605 2845 amputaverat
627 2785 738 2841 manus,
757 2765 795 2824 ad
820 2773 914 2825 eastra
938 2766 1130 2827 Macedonum

119 2873 281 2947 penetrant,
304 2865 435 2937 Darium,
458 2863 547 2941 quim
568 2861 693 2920 maximo
719 2881 806 2921 cursu
829 2869 936 2940 posset,
957 2865 1039 2944 sequi
1059 2885 1131 2923 nun·

120 2965 237 3022 cientes.
279 2960 342 3019 Vix
355 2959 427 3017 fides
440 2957 607 3017 habebatur.
651 2956 757 3035 Itaque
780 2958 974 3035 speculatores
996 2961 1026 3018 in
1047 2961 1130 3018 mari-

120 3060 206 3119 timas
230 3055 363 3134 regiones
385 3053 549 3132 praemissos
576 3051 727 3131 explorare
746 3053 840 3131 jubet,
860 3055 923 3132 ipse
947 3055 1070 3130 adesset,
1094 3077 1130 3114 an
1188 3123 1190 3129 Ι

120 3155 320 3234 praefectorum
335 3150 441 3228 aliquis
455 3149 579 3228 speciem
594 3149 767 3228 praebuisset
786 3151 916 3210 universi
929 3151 1071 3211 venientis
1085 3172 1129 3210 ex·
1168 3223 1170 3228 Ι

121 3251 239 3310 ercitus.
282 3245 341 3306 Sed
355 3248 424 3304 oum
444 3245 640 3324 speculatores
654 3247 899 3320 'reverterentuq
914 3247 1017 3324 procul
1030 3248 1131 3328 ingens

120 3343 278 3405 multitudo
292 3347 445 3418 conspecta
458 3350 511 3400 est.
554 3339 643 3420 Ignes
658 3340 762 3400 deinde
782 3340 853 3400 totis
868 3343 975 3420 eampis
989 3341 1132 3402 collucere
1206 3353 1209 3360 '

122 3446 279 3519 caeperunt,
291 3437 442 3515 omniaque
452 3436 535 3497 velut
549 3437 708 3496 continenti
720 3435 854 3495 incendio
869 3437 970 3496 ardere
981 3439 1052 3514 visa,
1065 3443 1131 3498 oum

123 3537 143 3566 ¹⁰
153 3535 300 3594 incondita
320 3531 479 3592 multitudo
493 3531 618 3591 maxime
641 3539 760 3609 propter
771 3533 902 3608 jumenta
923 3531 1021 3614 laxius
1036 3534 1133 3592 tende·

122 3637 175 3692 ret.
217 3629 323 3707 Itaque
337 3648 371 3689 eo
387 3628 449 3707 ipso
470 3626 534 3686 loco
554 3627 659 3686 metari
682 3645 751 3686 suos
773 3633 869 3685 castra
888 3629 1023 3703 jusserat,
1037 3629 1132 3704 laetus,

125 3730 142 3758 ¹¹
153 3725 232 3806 quod
254 3725 331 3783 omni
354 3724 533 3803 expetiverat
552 3729 630 3798 voto,
651 3721 682 3780 in
702 3722 761 3782 illis
784 3721 970 3801 potissimum
991 3724 1132 3804 angustiis

123 3819 335 3883 decernendum
350 3837 422 3880 esse.
451 3869 455 3876 .
