2642 4386
201 285 255 344 so
543 297 683 351 curnrr
713 299 853 342 cusrrr

193 441 243 514 mi,
258 439 364 498 deindd
378 459 499 518 corpora
513 439 634 498 deiicere
647 447 806 517 coeperunt
850 439 977 520 Pigebet
991 447 1023 499 et
1047 443 1248 516 consistere,

191 546 222 598 et
245 537 389 616 progredi.
432 537 524 595 Pauci
552 557 569 594 a
590 537 693 614 peritis
707 537 834 616 regionis
848 537 999 610 admoniti,
1014 544 1246 616 praepararant

192 651 303 711 uquam.
347 631 421 692 Haec
444 632 595 710 paulisper
618 633 759 710 repressit
784 623 893 692 sitim·
915 632 1035 691 Deindb
1070 645 1243 694 crescente

190 736 275 802 satu,
289 747 407 788 rursum
422 728 600 788 desiderium
613 727 741 786 humoris
762 747 912 788 accensum
927 735 980 786 est.
1027 729 1125 808 Ergo
1150 731 1239 809 quid-

190 821 261 902 quid
275 823 335 884 vini
356 823 470 902 oleique
484 829 555 896 erat,
571 821 668 882 oribus
687 823 881 900 ingerebatur.
918 821 1085 901 Tantaque
1099 823 1237 883 dulcedo

190 917 309 978 bibendi
323 919 388 992 fuit,
399 925 434 976 ut
447 917 477 975 iu
491 925 641 994 posterum
652 917 717 976 sitis
725 937 783 976 non
791 918 950 976 timeretur.
972 916 1102 977 Graves
1119 919 1234 978 deinde·

190 1012 276 1071 avide
300 1012 405 1070 hausto
428 1011 555 1087 humore,
571 1031 629 1070 uon
653 1011 796 1070 sustinere
819 1031 908 1086 orme,
923 1031 979 1070 non
1001 1011 1136 1089 ingredi
1153 1023 1230 1091 pote

189 1112 276 1164 runt:
297 1111 328 1163 et
341 1103 488 1164 feliciores
501 1106 676 1166 videbantur
689 1126 762 1185 quos
776 1125 850 1184 eque
871 1106 1037 1182 defeceret;
1065 1107 1152 1166 cunr
1176 1109 1229 1186 ipsi

189 1200 251 1260 sine
265 1200 350 1260 modo
365 1200 489 1260 infusam
502 1203 615 1262 vomitu
628 1209 799 1279 cogerentur
820 1219 943 1280 egerere.

253 1299 296 1356 19.
329 1295 461 1356 Anxium
486 1296 599 1374 Regem
620 1297 711 1355 tantis
735 1297 828 1370 malis,
853 1295 1023 1354 circumfusi
1051 1298 1168 1375 amici,
1195 1305 1226 1356 ut
1272 1285 1273 1290 ἵ

190 1393 371 1452 meminisset
393 1396 452 1465 suf,
466 1393 626 1469 'crabsnt3
649 1393 738 1450 animi
763 1393 809 1450 sui
832 1391 1066 1469 magnitudinem
1098 1395 1224 1452 unicum

189 1489 351 1549 remedium
366 1487 527 1548 deficientis
541 1488 687 1548 exereitus
702 1507 784 1546 esse:
806 1491 870 1546 eum
892 1507 929 1546 ex
950 1485 996 1560 iis,
1009 1487 1064 1566 qui
1094 1509 1222 1566 praeces

188 1591 286 1642 serant
311 1584 348 1641 ad
371 1584 543 1660 capiendum
565 1584 660 1642 lceum
682 1583 792 1656 eastris,
816 1582 873 1641 duo
901 1589 1070 1657 occurrunt,
1098 1585 1222 1644 utribus

188 1697 291 1754 aquam
304 1685 464 1754 gestantes,
479 1685 513 1736 ut
527 1678 594 1737 filiis
609 1680 679 1753 suis,
694 1697 766 1758 quos
781 1679 812 1738 iu
832 1677 934 1737 ecdem
955 1678 1073 1756 agmine
1091 1699 1178 1754 esse,
1193 1687 1221 1739 et

187 1773 264 1848 segre
278 1771 341 1848 peti
363 1771 441 1830 sitim
456 1789 513 1830 non
534 1773 714 1848 ignorabunt,
729 1774 958 1833 ‘succurrerent
1002 1771 1066 1842 Qui
1088 1777 1169 1833 edm
1191 1777 1218 1833 in

186 1883 285 1944 regem
298 1865 475 1940 incidissent,
490 1866 613 1926 altares
635 1867 680 1942 iis,
694 1868 777 1927 ⁶utre
797 1868 998 1942 resoluturus
1018 1868 1104 1945 quod
1130 1869 1218 1929 simul

186 1961 306 2037 ferebat,
320 1961 431 2039 impiet,
439 1961 588 2042 porrigens
599 1963 693 2042 Regi:
707 1963 758 2022 ille
765 1969 974 2041 percunctatus,
983 1962 1093 2040 quibus
1105 1983 1215 2044 uquam

186 2064 344 2138 portarent,
358 2056 425 2118 filiis
439 2059 514 2118 ferre
528 2061 682 2138 cognoscit.
725 2059 808 2117 Tunc
821 2057 922 2136 poculo
935 2055 1029 2135 pleno,
1040 2059 1125 2118 sieut
1136 2061 1213 2120 cbls

186 2161 248 2214 tum
262 2162 314 2232 cst,
328 2154 452 2232 reddito,
474 2159 491 2190 “
501 2155 512 2184 ⁸
522 2154 584 2214 Nee
599 2155 706 2230 rolus‚’'
728 2154 832 2232 inquit,
855 2153 982 2214 “bibere
1000 2153 1147 2231 sustineo,
1161 2175 1212 2215 nec

186 2259 247 2312 tem
259 2253 396 2332 exiguum
409 2251 537 2312 dividere
550 2251 680 2312 omnibus
693 2267 816 2327 possum.
850 2248 913 2307 Vos
927 2247 1043 2323 currite,
1057 2256 1090 2306 et
1102 2249 1209 2310 liberis

186 2348 300 2424 vestris,
313 2348 519 2426 quodpropter
532 2347 599 2405 illos
613 2345 763 2420 attulistis,
774 2344 867 2402 date.”
902 2343 1029 2402 Tandem
1039 2343 1079 2401 ad
1087 2343 1206 2405 flumem

188 2441 286 2502 Oxum
300 2442 362 2517 ipse
375 2441 506 2516 pervenit
519 2440 613 2516 primt
625 2442 685 2500 ferd
699 2443 828 2518 vespert.
864 2435 922 2500 sed
936 2438 1086 2498 exercitus
1099 2461 1204 2520 magns

185 2553 252 2614 pars
266 2553 323 2592 uon
336 2541 469 2611 potuerat
483 2535 624 2612 consequi.
666 2533 704 2593 In
724 2535 802 2594 edito
822 2541 918 2593 monte
937 2534 1018 2612 ignes
1030 2535 1114 2610 jubet
1128 2537 1199 2612 fieri,

184 2636 220 2690 ut
232 2629 263 2706 ii,
277 2629 327 2708 qui
339 2629 417 2708 segre
432 2628 632 2707 sequebantur,
646 2629 725 2688 haud
738 2629 838 2706 procul
852 2629 955 2688 castris
967 2647 999 2688 se
1019 2629 1117 2693 abesse
1137 2651 1197 2712 cog-

184 2733 340 2787 noscerent.
382 2725 443 2786 Eos
459 2731 554 2784 autem
575 2723 626 2802 qui
646 2723 734 2803 primi
756 2725 880 2804 agminis
902 2729 1119 2800 cranemerae
1133 2728 1195 2787 cibo

185 2841 219 2882 sc
232 2823 349 2902 potione
361 2823 496 2896 firmatos,
510 2816 629 2898 implere
643 2816 715 2880 elios
733 2827 823 2894 utres,
845 2819 918 2878 elios
936 2837 1014 2894 vasa,
1028 2819 1192 2898 quibuscum

185 2937 260 2996 equs
272 2925 369 2995 posset
381 2917 501 2995 portari,
514 2915 610 2994 jussit,
625 2935 658 2974 ec
672 2915 732 2975 suis
745 2933 829 2992 opem
843 2915 927 2975 ferre.
968 2915 1082 2993 Sedqui
1096 2915 1192 2975 iutern-

184 3012 334 3091 perantids
345 3011 510 3086 hauserunt,
524 3009 696 3070 ⁷intercluso
708 3009 812 3086 spiritu
831 3009 953 3068 extincti
972 3016 1047 3069 suut
1088 3009 1188 3070 Multis

184 3125 239 3187 qne
261 3107 352 3181 major
373 3105 476 3165 horum
498 3125 635 3166 numerus
658 3103 724 3180 init,
747 3105 836 3184 quium
857 3105 918 3164 ullc
935 3104 1069 3164 emiserat
1086 3105 1185 3182 prelio.

185 3204 230 3262 At
244 3201 295 3259 ille
308 3199 453 3258 thoracem
467 3199 561 3260 adhuc
575 3201 704 3277 indutus,
717 3219 775 3260 nee
784 3207 836 3260 aut
847 3199 913 3260 oibc
922 3199 1048 3260 refectus
1058 3207 1184 3278 autpctu,

185 3300 243 3378 qud
256 3295 389 3358 veniebat
401 3295 553 3371 exereitus,
568 3297 708 3357 constitit
752 3295 781 3356 N
783 3315 815 3356 ec
827 3295 895 3354 ente
909 3296 947 3354 sd
960 3295 1113 3355 curandum
1130 3315 1181 3356 ccr-

184 3413 238 3473 pus
262 3391 390 3466 recessit,
415 3394 503 3470 quum
530 3391 740 3468 praeterierant,
765 3390 833 3470 ⁸qui
860 3409 961 3470 sgmen
986 3391 1182 3470 sequebantur:

144 3489 147 3494 ’
185 3497 333 3570 totamque
346 3507 408 3546 eum
421 3493 534 3546 noctem
547 3505 612 3544 cum
625 3499 728 3565 unguo
743 3487 830 3546 enimi
839 3493 920 3544 motu
929 3485 1077 3564 perpetuis
1086 3485 1181 3566 vigiliis

184 3586 252 3664 egit
296 3584 358 3644 Nec
371 3589 486 3662 postero
497 3581 549 3640 die
562 3580 660 3640 laetior
673 3587 756 3642 erat:
777 3581 846 3661 quit
858 3599 911 3640 nec
930 3581 1046 3660 navigia
1065 3580 1179 3662 habeut,

184 3693 236 3736 nec
258 3697 330 3755 pons
352 3678 425 3757 erigi
446 3683 570 3755 peterat,
593 3675 700 3734 circum
723 3695 837 3736 amnem
857 3675 933 3735 nudo
947 3675 1017 3750 solo,
1031 3681 1061 3732 et
1074 3675 1178 3733 muteris

184 3773 310 3835 maxims
329 3775 430 3834 sterili
473 3773 634 3836 Consilium
647 3773 746 3850 igitur,
760 3770 838 3851 quod
850 3791 939 3830 unum
952 3770 1104 3830 necessitas
1123 3770 1177 3832 sub
