2600 4394
357 401 480 447 aranu
510 403 572 446 ιιι.
604 403 691 446 err.
722 403 813 446 1111.
1049 383 1086 446 8i

87 561 168 602 aurea
180 561 267 617 vasa3
288 543 368 602 aurei
381 543 477 620 iroeni;
499 543 686 603 tabernacula
704 541 797 621 regali
815 539 1030 621 magnifloeutii
1043 557 1086 600 or·

88 643 171 714 nata,
192 637 324 696 vehienla
344 657 458 717 qnoque
480 657 498 696 a
520 638 580 696 suis
605 637 758 712 destituta,
779 637 905 716 ingentis
930 633 1088 714 opulentias

87 731 183 810 plena:
204 731 315 792 ¹'iaoies
329 733 417 790 etiam
429 732 629 810 praedantibns
649 733 752 808 tristis,
766 731 863 812 siqua
875 750 922 790 res
935 729 1087 790 avaritiam

86 832 249 886 moraretur.
291 825 433 905 ¹‘Quippe
454 833 500 886 tot
520 847 660 886 annornm
681 826 845 888 incredibili
859 833 889 886 et
901 825 987 886 fidem
1007 843 1086 884 exee-

86 921 167 979 dente
180 921 297 980 sonunt
318 921 473 999 aemulata,
487 928 557 980 tuno
578 921 637 980 alia
650 921 790 999 stirpibus
803 920 972 994 dilaoema
986 918 1044 979 alia
1056 920 1088 978 in

85 1033 192 1074 omnum
218 1017 348 1076 demersa
374 1015 566 1077 eruebantur:
597 1035 656 1078 non
682 1015 862 1078 suffioiebant
893 1014 1087 1095 praedantium

84 1127 182 1168 manns
195 1109 311 1186 praedm.

140 1207 186 1262 35.
209 1204 335 1283 Jamque
349 1204 487 1264 etiamad
500 1223 558 1280 eos,
570 1205 620 1284 qni
632 1205 720 1284 primi
732 1206 875 1286 ingerant,
883 1209 1003 1288 ventum
1014 1207 1093 1264 erat·

83 1295 219 1356 Foeminss
240 1297 386 1377 pleraequo
399 1318 503 1376 parvos
525 1299 672 1358 trahentes
692 1300 800 1362 liberos
821 1299 913 1376 ibant,
927 1300 1088 1377 intorques

80 1401 139 1454 tres
157 1391 241 1451 luere
259 1393 394 1470 virgines,
411 1393 486 1454 Oohi
500 1393 562 1473 (qui
583 1375 650 1452 ante
672 1395 794 1454 Darium
814 1397 996 1474 regnaverat)
1009 1393 1089 1466 lilim,

80 1491 150 1550 olim
174 1488 293 1566 quidem
306 1507 344 1546 ex
356 1488 475 1567 fastigio
496 1497 617 1566 paterno
638 1509 736 1550 rernm
757 1491 917 1550 mutatione
941 1489 1087 1561 detractae,

79 1586 132 1643 sed
146 1593 210 1642 tum
224 1588 336 1643 sortem·
352 1601 450 1642 earum
463 1584 608 1644 erudelibs
627 1591 803 1664 aggravante
821 1585 948 1645 iortnnt.
991 1583 1030 1642 Iu
1043 1601 1087 1642 eo·

78 1679 145 1738 dem
157 1699 244 1758 grege
257 1696 332 1738 uxor
341 1696 454 1756 quoque
464 1677 594 1755 ejusdem
609 1678 684 1740 Ochi
697 1679 764 1754 iuit,
778 1678 975 1758 Oxathrisque
985 1677 1087 1756 (irater

76 1773 126 1831 hio
139 1781 203 1832 erat
226 1774 321 1852 Darii)
335 1771 405 1845 filia,
420 1780 451 1830 et
470 1777 576 1851 conjux
590 1775 735 1835 Artabani
755 1774 896 1853 prinoipis
917 1780 1087 1852 purpurato·

75 1886 160 1926 rum:
181 1881 211 1926 et
224 1869 310 1944 filins,
325 1870 371 1928 oni
390 1865 502 1928 llioneo
523 1869 582 1928 fuit
603 1889 715 1929 nomen.
758 1869 939 1930 Pharnabazi
962 1887 1085 1948 quoque,

74 1962 125 2020 eui
139 1981 281 2021 summum
295 1964 449 2041 imperium
468 1964 622 2023 maritimus
634 1983 693 2024 orae
707 1963 775 2024 Rex
788 1964 918 2038 dederat,
932 1981 1006 2022 uxor
1020 1983 1086 2022 oum

71 2055 137 2116 filio
162 2065 283 2135 excepte
307 2065 370 2133 est;
394 2057 537 2118 Mentoris
560 2057 630 2117 iiliae
656 2065 726 2134 tres,
751 2077 784 2118 ao
806 2057 980 2120 nobilissimi
1004 2057 1085 2116 duois

72 2151 243 2210 Memnonis
267 2155 382 2228 eonjux,
403 2159 434 2210 et
454 2153 548 2212 tilius:
570 2151 702 2231 ²'vixque
723 2153 785 2212 ulla
807 2153 911 2212 domus
934 2153 1087 2230 purpurati

69 2247 137 2305 fnit
150 2252 241 2304 tantae
255 2245 346 2304 eladis
360 2265 473 2323 expers.
515 2245 731 2305 Laoedaemonii
746 2265 868 2326 qnoque,
882 2253 913 2305 et
926 2247 1086 2304 Athenien·

68 2357 134 2412 ses,
157 2339 306 2398 sooietatis
327 2340 385 2398 fide
405 2339 523 2414 violati,
538 2340 646 2400 Persas
667 2340 777 2400 seonti:
799 2339 992 2418 Aristogiton,
1015 2339 1085 2399 Dro-

66 2434 170 2514 pides,
185 2439 217 2492 et
230 2433 401 2512 Iphicrates,
415 2433 491 2492 inter
504 2435 709 2511 Athenienses,
722 2453 826 2512 genere
846 2435 980 2514 famaque
1000 2435 1085 2516 longe

65 2529 235 2589 elarissmi:
257 2527 479 2605 Lacedaemonii,
503 2529 677 2608 Pausippus,
700 2537 730 2590 ot
754 2529 1001 2606 Onomastorides,
1018 2551 1084 2590 oum

67 2623 209 2683 Monimo
233 2631 265 2682 et
288 2623 484 2700 Gallioratide,
508 2625 531 2684 ii
553 2643 667 2705 quoquo
690 2623 769 2684 domi
794 2625 914 2686 nobiles.
967 2625 1085 2686 Summa

64 2718 233 2796 ¹⁶peonniae
254 2718 375 2798 signatae
395 2719 462 2793 fuit,
477 2719 651 2780 talentorum
675 2719 741 2778 dno'
753 2719 845 2780 millio
877 2725 908 2778 et
918 2720 1083 2796 sexaginta,

64 2815 88 2842 ¹⁷
98 2813 177 2871 faeti
190 2813 301 2891 argenti
314 2813 427 2892 pondus
441 2815 599 2894 quingenta
618 2815 759 2893 aeqnabat.
802 2814 952 2874 Praeterea
965 2813 1086 2890 triginta

61 2907 172 2968 millia
181 2907 336 2982 hominum,
348 2928 413 2968 oum
424 2916 535 2990 septem
545 2907 676 2969 millibus
687 2909 894 2984 jumentorum,
904 2905 989 2968 dorso
998 2925 1085 2967 onera

60 3003 263 3082 portantium,
278 3010 361 3080 ospta
375 3011 465 3087 snut
494 3003 643 3064 (iaeterdm
663 3003 715 3062 Dii
723 3009 814 3062 tantae
826 3003 1083 3082 fortunaeprodito·

58 3119 137 3159 rem
160 3097 293 3157 celeriter
308 3099 407 3159 debita
426 3101 515 3178 poena¹
532 3099 675 3178 persecuti
699 3105 774 3158 snut.
817 3098 950 3180 Namque
972 3119 1083 3160 nnnse

58 3192 199 3252 oonsoiis
213 3194 285 3269 ejus,
297 3191 418 3267 ¹⁸oredo,
430 3191 522 3271 Regis
532 3193 624 3252 vinem
635 3193 723 3252 etiam
736 3193 767 3252 in
779 3191 832 3252 illt
842 3201 920 3254 sorte
933 3195 1083 3269 reveritus,

56 3287 225 3348 interiecti
245 3287 403 3366 proditoris
417 3296 504 3366 oaput
517 3288 555 3347 ad
569 3279 691 3349 Daiium
712 3289 790 3365 tulit,
804 3297 997 3369 opportunum
1013 3289 1084 3348 sola-

55 3385 151 3441 tium
173 3383 308 3460 prodito:
329 3384 434 3462 qnippe
456 3390 487 3442 et
507 3383 588 3443 nitus
610 3383 757 3444 inimioum
779 3393 850 3461 erat,
866 3393 896 3445 et
914 3387 1041 3445 nondum
1054 3383 1085 3439 in

52 3476 205 3538 omnium
218 3477 322 3536 animis
338 3480 504 3538 memoriam
518 3481 678 3560 majestatis
692 3499 753 3542 sum
767 3480 925 3542 exolevisse
939 3477 1083 3538 oernebat.
