2600 4394
171 413 211 471 38
519 425 658 476 onrurr
688 425 828 468 onaan

169 567 320 643 'Praeceps
340 563 371 622 in
391 564 483 624 salum
501 583 602 624 murus
622 563 757 643 pedestre
779 563 969 641 interceperat
992 563 1066 624 iter:
1094 582 1188 624 naves

169 679 222 719 neo
242 659 366 720 habebat
385 659 466 736 Rex3
489 665 527 735 et,
542 660 567 719 si
588 659 771 734 admovisset,
786 658 960 736 ‘pendentes
981 665 1013 716 et
1033 659 1188 718 instabiles

169 753 327 815 missilibus
341 755 431 814 areeri
444 762 585 832 poterant.
614 755 697 814 Inter
705 775 770 833 quae
778 773 867 832 parva
880 754 962 812 dictu
973 773 1019 813 res
1031 753 1188 831 Tyriorum

168 847 302 908 fiduciam
329 850 465 910 accendit
508 849 780 929 Carthaginensium
803 849 894 928 legati
921 848 960 906 ad
985 848 1189 908 celebrandum

168 945 394 1006 anniversarium
407 963 518 1004 sacrum
538 963 618 1005 more
630 944 725 1022 patrio
738 951 808 1003 tunc
821 950 975 1004 venerant:
997 943 1102 1022 quippe
1116 942 1189 1005 Gar-

169 1039 317 1118 thaginem
349 1040 432 1118 Tyrii
457 1039 654 1115 condiderunt,
681 1041 810 1117 'sempor
834 1045 986 1117 parentum
1012 1038 1076 1098 loeo
1103 1039 1187 1098 culti.

170 1133 294 1194 Hortari
322 1138 390 1214 ergd
418 1135 504 1194 Poeni
532 1141 687 1212 caeperunt,
715 1141 749 1194 ut
778 1134 955 1195 obsidionem
982 1133 1055 1194 forti
1088 1135 1186 1192 auimo
1289 1143 1291 1154 ⁴

168 1237 345 1308 paterentur,
372 1231 453 1292 brevi
483 1230 658 1310 Carthagine
688 1229 799 1289 auxilia
825 1236 964 1290 ventura:
999 1249 1122 1309 namque
1150 1235 1189 1290 ea

167 1331 347 1404 tempestate,
367 1330 473 1406 magne
496 1345 533 1385 ex
554 1331 646 1404 parte,
666 1325 786 1386 Punicis
805 1324 943 1386 classibus
964 1325 1056 1384 maria
1074 1325 1188 1386 obside

167 1421 280 1483 bantur.

226 1521 254 1578 9.
277 1517 376 1596 Igitur
385 1517 461 1578 bello
475 1518 599 1591 decreto,
613 1537 664 1594 per
685 1535 782 1575 muros
802 1523 951 1595 turresque
970 1522 1116 1576 tormenta
1130 1515 1190 1576 dis·
1290 1577 1291 1588 ,

167 1618 292 1689 ponunt:
314 1631 393 1669 arma
404 1612 568 1688 junioribus
583 1611 724 1686 dividunt,
748 1613 765 1640 ¹⁰
775 1611 952 1690 opificesque,
967 1631 1088 1690 quorum
1101 1613 1189 1690 copia

166 1705 238 1766 urbs
252 1705 425 1778 abundabat,
439 1705 470 1762 in
484 1706 609 1764 officinas
630 1705 814 1766 distribuunt.
859 1705 965 1768 Omnia
984 1707 1054 1767 belli
1067 1727 1188 1784 appara·

167 1807 202 1858 tu
229 1806 379 1876 strepunt:
409 1801 511 1859 ferreae
541 1819 652 1878 quoque
681 1821 782 1861 manus
811 1801 1047 1879 ¹¹(barpagcnas
1068 1806 1187 1883 vocant)

166 1913 238 1974 quas
265 1895 396 1972 operibus
423 1895 550 1954 hostium
576 1895 735 1972 injicerent,
763 1897 899 1976 corvique
926 1903 956 1956 et
983 1897 1043 1957 alia
1068 1899 1188 1958 tuendis

167 1991 288 2052 urbibus
301 1991 472 2070 excogitata,
492 1992 734 2069 praeparabantur.
778 1994 836 2054 Sed
858 1995 926 2052 calm
945 1993 1110 2054 fornacibus
1129 1995 1187 2054 fer·

168 2092 241 2163 mm',
254 2087 332 2166 quod
346 2087 449 2146 excudi
462 2087 619 2165 oportebat,
633 2087 800 2166 impositum
816 2095 901 2164 esset,
916 2089 1095 2169 admotisque
1108 2091 1187 2150 folli-

167 2183 223 2245 bus
236 2183 331 2264 ignem
345 2185 414 2243 datu
426 2184 445 2213 ¹²
454 2183 650 2260 accenderent,
666 2183 812 2263 sanguinis
832 2185 888 2244 rivi
911 2185 965 2245 sub
977 2185 1048 2263 ipsis
1060 2187 1187 2246 flommis

167 2280 298 2340 extitisse
312 2281 503 2358 dicuntur;‚¹³
513 2280 599 2359 idque
619 2300 703 2340 omen
715 2281 747 2339 in
760 2280 952 2340 Macedonum
971 2288 1079 2340 metum
1091 2289 1188 2342 verte-
1290 2291 1291 2342 ἔ

166 2382 235 2435 runt
259 2376 348 2453 Tyrii.
397 2377 415 2405 ¹⁴
425 2376 514 2453 Apud
538 2375 712 2434 Macedonas
733 2395 853 2454 quoque,
880 2377 948 2434 edm
974 2377 1051 2436 fortd
1078 2396 1187 2454 panem

167 2469 285 2548 quidam
306 2469 433 2527 militum
453 2471 610 2546 frangeret,
624 2471 767 2527 manantis
788 2470 936 2549 sanguinis
955 2479 1055 2550 guttas
1068 2479 1186 2532 notave-
1290 2477 1291 2484 ’

167 2569 252 2638 runt3
280 2563 438 2640 territoque
462 2563 553 2640 Rege,
577 2563 751 2622 Aristander
776 2565 967 2641 peritissimus
993 2573 1100 2642 ratum,
1130 2568 1191 2628 “si'

167 2657 346 2718 extrinsecus
355 2675 439 2714 cruor
448 2655 586 2732 fluxisset,
597 2653 803 2718 Macedonibus
815 2659 847 2718 id
859 2660 943 2720 triste
952 2661 1110 2738 futurum,”
1121 2663 1185 2724 ait:

168 2754 302 2827 “contrd,
317 2771 382 2810 cum
396 2749 432 2811 ab
445 2750 580 2810 interiore
592 2759 675 2829 parte
688 2755 857 2830 manaverit,
869 2755 944 2831 urbi,
952 2775 1038 2834 quam
1048 2757 1186 2818 obsidere

168 2849 373 2921 destinassent,
387 2845 496 2904 exitum
509 2847 707 2924 portendere.”
758 2849 923 2910 Alexander
936 2853 1004 2910 edm
1017 2859 1047 2911 et
1060 2853 1183 2913 classem

167 2942 267 3021 procul
288 2941 416 3016 haberet,
431 2947 463 3001 et
485 2941 600 3022 longam
623 2943 803 3004 obsidionem
824 2966 929 3025 magno
942 2945 1000 3008 sibi
1020 2947 1058 3006 ad
1077 2955 1186 3010 caetera

167 3035 372 3114 impedimento
398 3037 511 3097 videret
536 3039 607 3113 fore,
635 3037 846 3115 caduceatores,
873 3041 924 3120 qui
950 3041 988 3100 ad
1009 3061 1108 3120 pacem
1132 3063 1185 3104 eos

168 3130 380 3208 compellerent,
395 3131 493 3192 misit:
513 3153 585 3212 quos
608 3133 692 3212 Tyrii
707 3134 836 3194 ¹‘contra
854 3138 916 3213 jus·
922 3137 1052 3216 gentium
1072 3139 1184 3200 occisos

167 3225 418 3305 praecipitaverunt
444 3227 475 3286 in
501 3228 600 3290 altum
641 3229 739 3310 Atque
761 3229 811 3290 ille
834 3250 951 3292 suorum
975 3240 1036 3292 tam
1061 3233 1185 3313 indigne.

166 3341 234 3381 nece
257 3329 425 3397 commotus,
448 3323 549 3384 urbem
572 3325 705 3385 obsidere
727 3326 839 3386 statuit.
881 3327 941 3388 Sed
961 3331 1030 3387 ante
1047 3329 1185 3407 jacienda

166 3417 258 3477 moles
278 3422 349 3492 erat,
363 3437 429 3496 quas
448 3417 550 3478 urbem
571 3419 728 3485 continenti
748 3422 949 3483 committeret
990 3423 1098 3503 Ingens
1111 3425 1183 3504 ergd

167 3514 276 3574 animos
302 3513 428 3572 militum
455 3513 618 3592 desperatio
643 3515 771 3592 incessit,
799 3516 976 3576 cernentium
1008 3518 1184 3596 profimdnm

165 3627 253 3684 mare,
273 3609 350 3688 quod
369 3609 420 3669 vix
442 3609 542 3668 divina
563 3629 616 3688 ope
637 3619 735 3689 posset
755 3613 887 3691 impleri:
909 3612 1009 3684 “Quae
1029 3633 1099 3674 saxa
1119 3621 1184 3673 tam

166 3709 257 3778 vasta,
271 3723 342 3781 quas
363 3711 425 3764 tam
437 3723 569 3783 proceras
582 3705 700 3767 arbores
718 3727 803 3786 posse
820 3709 965 3786 reperiri?
986 3709 1182 3768 ¹⁰exhaurien·

166 3795 219 3855 das
243 3815 305 3856 esse
327 3799 466 3878 regiones,
490 3808 524 3859 ut
547 3799 621 3860 illud
641 3803 769 3880 spatium
791 3811 995 3883 aggeraretur:
1020 3812 1181 3866 exaestuare

168 3911 281 3971 semper
292 3893 406 3969 fretum,
419 3897 532 3975 qudque
551 3897 658 3958 aretiis
670 3898 817 3959 volutetur
837 3898 915 3958 inter
927 3899 1050 3959 insulan
1063 3908 1094 3960 ot
1114 3919 1178 3960 eon·
