2600 4394
159 331 194 387 14
502 345 639 393 ourani
669 344 809 384 curru

153 491 275 546 tereret.
319 481 489 543 Alexander
502 483 599 542 fauces
616 483 690 562 jugi,
704 503 770 561 quae
785 484 805 512 ¹⁴
816 481 906 560 Pylce
918 481 1110 560 appellantur,
1124 483 1156 540 in

153 580 248 640 travit.
293 578 514 656 Contemplatus
534 578 662 636 locorum
683 579 781 652 situm,
797 579 818 607 ¹⁸
828 597 886 637 non
900 577 975 636 elide
989 579 1081 656 magis
1095 577 1164 636 dici·

153 683 202 734 tur
216 675 376 734 admiratus
391 691 453 733 csse
472 671 645 732 felicitatem
659 692 755 732 snam:
777 671 862 734 obrui
882 673 1012 750 potuisse
1025 671 1073 732 vel
1086 672 1165 732 saxis

152 771 351 844 confitebatur,
366 769 392 829 si
406 768 531 827 fuissent
552 768 603 847 qui
625 767 656 825 iu
681 768 838 826 subeuntes
859 767 1058 846 propellerent
1101 767 1165 826 Iter

152 865 202 924 vix
216 866 237 894 ¹⁰
247 873 402 944 quaternos
417 863 548 941 capiebat
561 870 695 921 armatos.
739 863 865 922 Dorsum
875 862 982 921 montis
996 862 1164 921 imminebat

152 961 215 1036 viae,
229 979 286 1019 non
296 967 427 1038 angustae
435 959 530 1033 modd,
543 958 594 1018 sed
604 958 775 1036 plerumque
786 964 950 1036 praeruptae,
962 957 1072 1018 crebris
1084 957 1162 1016 ober-

152 1055 283 1115 rantibus
308 1056 388 1128 rivis‚
403 1054 454 1133 qui
474 1073 511 1112 ex
530 1053 677 1112 radicibus
702 1054 842 1110 montium
865 1059 991 1110 manant.
1036 1053 1164 1110 Thracas

152 1157 248 1208 tamen
264 1150 369 1208 leviter
383 1155 509 1207 armatos
530 1147 693 1225 praecedere
711 1149 849 1224 jusserat,
865 1148 1045 1226 scrutarique
1066 1147 1162 1220 calles,

151 1264 187 1302 ne
212 1243 342 1302 occultus
370 1243 463 1302 hostis
490 1243 520 1300 in
547 1242 703 1301 subeuntes
727 1249 898 1319 crumperet.
942 1242 1164 1320 Sagittariorum

151 1359 265 1418 quoque
284 1358 386 1397 manus
407 1343 598 1415 occupaverat
615 1339 734 1416 jugum:
756 1337 883 1396 intentos
906 1355 998 1396 arcus
1011 1337 1162 1412 habebant,

153 1435 293 1509 ¹⁷moniti,
308 1454 366 1493 non
380 1434 436 1492 iter
450 1433 528 1510 ipsos
542 1432 625 1504 inire,
640 1432 692 1490 sed
712 1432 855 1509 praelium.
899 1431 966 1490 Hoc
986 1431 1070 1490 modo
1086 1432 1163 1510 1⁸ag-

151 1549 217 1588 men
241 1530 376 1607 pervenit
399 1529 436 1586 ad
457 1528 558 1588 urbem
584 1527 706 1600 Tarson,
728 1527 805 1585 ¹'cui
830 1534 893 1586 tum
914 1528 1040 1585 maxime
1064 1527 1163 1586 Persen

152 1624 347 1699 subjiciebant
366 1624 472 1699 ignem,
489 1641 525 1678 ne
540 1621 708 1697 opulentum
730 1621 869 1698 oppidum
889 1622 982 1680 hostis
1003 1622 1161 1682 invaderet.

152 1719 197 1776 At
209 1718 269 1791 ille,
286 1717 477 1776 Parmenione
491 1716 528 1774 ed
543 1715 733 1775 inhibendum
753 1715 918 1774 incendium
940 1736 1005 1774 cum
1027 1717 1164 1792 expedita

151 1833 238 1872 manu
252 1812 410 1890 praemisso,
424 1819 578 1890 postquam
602 1811 742 1870 barbaros
766 1809 895 1870 adventu
916 1829 1033 1870 suorum
1047 1812 1164 1890 fugatos

152 1927 214 1967 esse
230 1915 412 1985 cognoverat,
427 1906 530 1966 urbem
545 1926 562 1964 a
577 1925 607 1964 se
623 1913 823 1964 conservatam
837 1905 937 1964 intrat.

212 2002 249 2062 V.
276 2006 318 2062 ll.
342 2002 481 2060 'Mediam
495 2000 615 2080 Cydnus
628 2000 730 2075 amnis,
751 2000 786 2058 de
808 2020 864 2079 quo
876 2000 962 2078 pauld
977 2001 1164 2060 antedictum

151 2105 203 2172 ast,
217 2097 375 2175 interfluit3
398 2103 428 2156 et
441 2104 509 2156 tunc
521 2103 607 2157 aestas
626 2102 696 2170 eret,
711 2097 792 2172 cujus
809 2095 886 2154 calor
899 2115 957 2156 non
972 2096 1059 2155 aliam
1073 2096 1164 2174 magis

150 2195 238 2272 quarn
263 2191 375 2254 Ciliciae
398 2211 477 2251 oram
500 2211 606 2270 vapore
634 2191 703 2250 solis
729 2190 878 2268 accendit;
901 2198 932 2250 et
952 2191 1010 2252 diei
1036 2190 1164 2250 fervidis·

151 2288 255 2348 simum
278 2296 391 2367 tempus
413 2295 545 2366 coeperat.
588 2287 711 2346 Pulvere
735 2305 767 2344 ac
788 2287 894 2347 sudore
914 2286 1000 2348 simul
1017 2285 1165 2364 pertusum

151 2384 263 2462 Regem
285 2384 421 2442 invitavit
447 2383 543 2460 liquor
567 2382 701 2456 fluminis,
728 2389 762 2440 ut
788 2382 912 2440 calidum
937 2381 1031 2439 adbuc
1064 2397 1165 2456 corpus

151 2475 286 2535 ablueret.
329 2475 432 2551 Itaque
455 2481 537 2534 veste
561 2474 702 2549 deposita,
731 2475 761 2531 in
784 2481 936 2549 conspectu
958 2473 1080 2549 agminis
1107 2471 1165 2548 (de-

152 2589 250 2628 comm
275 2587 389 2648 quoque
415 2567 546 2626 futurum
571 2573 662 2640 ratus,
698 2566 724 2624 si
750 2565 923 2624 ostendisset
950 2564 1019 2638 suis,
1048 2564 1105 2623 leri
1132 2585 1166 2624 ac

151 2663 276 2742 parabili
289 2663 387 2722 ’cultu
400 2661 527 2739 corporis
541 2679 571 2720 se
585 2679 648 2719 esse
658 2661 834 2738 contentum)
846 2657 995 2717 descendit
1007 2657 1040 2716 iu
1052 2658 1165 2735 flumen,
1222 2693 1225 2700 ·

152 2760 255 2838 vixque
270 2757 409 2838 'ingressi
431 2756 527 2816 subito
548 2755 665 2814 horrore
678 2759 760 2812 artus
780 2752 873 2832 rigere
886 2759 1051 2832 coeperunt:
1071 2753 1166 2830 pellor

152 2854 254 2912 deinde
269 2854 392 2912 suffusus
407 2857 460 2927 est,
474 2857 505 2909 et
525 2856 619 2908 totum
638 2846 840 2925 propemodum
860 2865 964 2924 corpus
977 2847 1076 2908 vitalis
1089 2831 1167 2906 calor

153 2949 278 3026 reliquit.
331 2945 486 3024 Expiranti
513 2943 646 3017 similem,
672 2932 799 3002 ministri
825 2961 913 3000 manu
934 2941 1091 3020 excipiunt,
1114 2961 1166 3001 neo

153 3043 224 3104 satis
251 3049 409 3120 compotem
431 3039 536 3099 mentis
562 3037 594 3096 in
620 3035 837 3098 tabernaculum
863 3037 1003 3097 deferunt
1058 3037 1166 3116 Ingens

153 3135 327 3212 sollicitudo,
341 3143 371 3194 et
391 3137 465 3213 pand
486 3136 548 3212 jam
571 3133 670 3206 luctus
688 3133 718 3190 in
738 3131 841 3192 castris
858 3139 929 3192 erat.
970 3132 1086 3191 Illentes
1099 3151 1166 3210 que·

153 3233 298 3306 rebantur,
313 3233 347 3266 “¹
358 3231 389 3290 in
402 3237 484 3289 tauto
504 3229 616 3306 impetn
635 3246 776 3306 cursuque
794 3246 897 3302 rernm,
912 3226 1003 3286 omnis
1017 3226 1113 3286 aetatis
1133 3245 1166 3286 ao

153 3326 298 3387 memoriae
311 3325 503 3385 clarissimum
516 3325 629 3402 Regem
642 3342 699 3382 nou
719 3323 751 3380 iu
764 3322 824 3381 acie
838 3322 949 3397 saltem,
962 3341 1020 3380 non
1033 3321 1070 3381 ab
1083 3321 1166 3380 hoste

154 3423 303 3500 dejectum,
328 3421 378 3482 sed
405 3419 570 3481 abluentem
597 3423 671 3498 aqua
696 3435 808 3494 corpus,
829 3424 959 3494 ereptum
978 3435 1047 3491 esse,
1071 3422 1101 3474 et
1120 3435 1166 3474 ex·

152 3517 293 3578 tinctum:
313 3515 423 3576 instare
437 3514 569 3588 Darium,
584 3512 734 3572 'victorem
742 3518 897 3590 antequam
909 3510 1032 3570 vidisset
1045 3508 1164 3569 bostem.

153 3611 217 3671 Sibi
239 3612 354 3671 easdem
378 3617 479 3683 terras,
503 3625 575 3688 quas
597 3607 722 3666 victores
743 3610 953 3684 peragrassent,
976 3603 1166 3682 repetendast

155 3706 250 3764 omnia
263 3715 314 3764 aut
326 3706 413 3783 ipsos,
426 3709 478 3763 aut
497 3703 594 3762 hostes
614 3700 784 3779 populatos:
804 3719 855 3777 per
868 3706 966 3759 vastas
987 3698 1165 3772 solitudines,

154 3799 269 3860 etiamsi
282 3819 364 3858 nemo
377 3797 490 3877 insequi
503 3796 585 3871 velit,
599 3802 709 3870 euntes,
722 3795 798 3854 fame
819 3800 905 3872 atque
919 3793 1015 3870 inopia
1028 3792 1167 3852 debellari
