2622 4382
173 377 233 440 28⁰
521 391 661 444 ouruur
689 393 829 436 courir

171 531 389 611 Itscrymsutern
401 549 475 607 eum,
490 549 524 590 sc
536 537 717 607 metuentem,
731 539 761 590 et
773 529 967 595 sollicitudine
978 529 1185 609 propemodum

170 645 341 706 exsanguem
354 627 420 685 Rex
432 633 626 705 conspexerat
667 627 687 654 ²²
697 630 714 662 “
727 626 835 701 Quid,”·
845 625 947 704 inquit,
963 625 1100 705 “quodve
1113 632 1183 684 tem·

169 739 224 800 pus
236 728 395 800 exspectes,
409 729 440 780 et
452 739 510 780 non
522 721 733 800 quemprimim
745 721 799 780 boo
813 720 911 780 dolore
924 739 971 780 mc
984 720 1087 782 scltem
1099 719 1184 782 mcri·

169 823 270 876 turum
283 817 416 878 liberes?
456 817 506 876 An
520 818 606 876 times
620 837 657 875 ne
670 835 738 876 reus
759 818 808 891 sis,
823 818 891 875 edm
905 816 1065 876 insanabile
1078 816 1186 876 vulnus

170 913 329 991 acceperim
340 912 354 970 ‘i
365 915 380 946 '²
421 913 465 972 At
480 911 658 985 Critobulus,
673 911 791 970 taudem
804 912 852 972 vel
873 912 965 985 finito,
979 911 1028 971 vel
1050 911 1187 972 dissimu-

169 1007 231 1068 letc
243 1015 332 1081 metu,
347 1008 458 1068 hortari
477 1025 543 1066 eum
557 1007 654 1084 coepit,
669 1005 691 1034 ²⁴
701 1013 737 1065 ut
760 1025 792 1066 se
806 1007 1010 1066 continendum
1032 1007 1188 1084 preberet,

170 1104 240 1160 dum
267 1102 410 1179 spiculum
438 1101 582 1162 evelleret.
637 1101 768 1160 ¹⁵Eticm
794 1101 889 1162 levem
916 1101 1045 1179 corporis
1072 1109 1188 1160 motum

169 1197 290 1257 noxium
302 1198 373 1256 fore.
416 1197 492 1271 Rex,
507 1198 575 1256 culm
599 1197 771 1256 uffirmtsset
794 1197 868 1254 nihil
892 1215 965 1274 opus
987 1215 1051 1258 esse
1074 1197 1120 1271 iis,
1133 1196 1188 1275 qui

171 1299 262 1352 semet
281 1293 470 1366 continerent,
486 1292 562 1350 sicut
584 1297 762 1369 preceptum
785 1297 856 1366 eret,
871 1291 933 1350 sine
955 1297 1040 1350 motu
1057 1291 1189 1368 praebuit

171 1405 283 1465 corpus.
325 1385 423 1466 Igitur
446 1387 590 1465 puteieoto
614 1387 707 1446 letius
730 1385 858 1460 vulnere,
883 1393 913 1444 et
938 1385 1049 1463 spiculo
1074 1385 1188 1460 evulso,

171 1483 273 1562 iugens
288 1484 333 1542 uis
357 1483 507 1562 sauguinis
534 1501 650 1540 munere
670 1482 768 1559 cepit,
782 1481 930 1560 linquique
952 1481 1047 1540 animo
1063 1481 1141 1555 Rex,
1156 1488 1190 1540 et

171 1577 294 1656 caligine
317 1578 410 1636 oculis
434 1578 536 1651 offust,
551 1577 642 1636 veluti
666 1575 855 1636 moribundus
879 1576 1007 1636 extendi.
1051 1575 1190 1655 iliumque

170 1673 343 1750 profluvium
374 1671 592 1730 medicamentis
616 1673 729 1730 frustrd
756 1671 929 1746 inhiberent,
955 1671 1063 1730 clemor
1095 1672 1191 1732 simul

171 1773 258 1844 etque
271 1766 403 1842 ploratus
417 1766 575 1824 amicorum
589 1767 690 1840 oritur,
703 1767 815 1844 Regem
829 1767 978 1844 expirasse
993 1766 1188 1827 credentium.

173 1859 303 1919 Tandem
327 1860 459 1918 constitit
485 1861 611 1938 sanguis,
633 1861 832 1940 paulatimque
855 1862 983 1920 animum
1010 1862 1130 1940 recepit,
1155 1869 1191 1922 et

171 1955 391 2016 onoumstuntes
412 1955 499 2033 coepit
520 1973 683 2032 agnoscere.
727 1956 803 2015 Toto
827 1975 861 2016 eo
886 1957 943 2032 die,
957 1975 991 2016 ec
1011 1965 1104 2031 nocte,
1119 1977 1191 2036 quae

171 2058 273 2112 secute
286 2059 341 2126 est,
356 2059 485 2110 armatus
499 2051 645 2110 exercitus
658 2053 767 2130 regium
783 2052 906 2127 obsedit,
923 2053 1072 2112 confessus
1086 2071 1190 2113 omnes

171 2147 259 2208 unius
273 2147 378 2226 spiritu
392 2147 497 2208 vivere.
532 2146 561 2206 N
563 2165 595 2208 ec
608 2147 692 2224 pride
703 2154 893 2222 recesserunt,
904 2148 993 2227 quem
1007 2155 1191 2226 compertum

172 2252 225 2319 est,
247 2263 347 2304 somno
369 2243 516 2323 paulisper
535 2245 723 2323 acquiescere.
766 2243 846 2302 Hinc
868 2243 1019 2304 certiorem
1043 2263 1124 2321 spem
1145 2261 1191 2304 su·

171 2340 243 2400 lutis
258 2344 322 2417 ejus
336 2341 366 2398 in
380 2347 476 2398 cestre
488 2340 660 2398 retulerunt.

155 2501 159 2513 ,
232 2434 290 2492 VI.
317 2437 358 2492 19.
382 2433 458 2507 Rex,
488 2436 621 2511 ¹septem
649 2435 751 2494 diebus
780 2440 880 2494 curete
907 2432 1036 2508 vulnere,
1061 2433 1189 2494 necdum

172 2527 299 2587 obdueto
320 2527 465 2600 oloserice,
480 2529 549 2586 edm
573 2528 705 2587 audisset
728 2528 910 2588 convaluisse
934 2528 1014 2606 epud
1038 2528 1189 2590 Burburus

172 2622 277 2682 umam
290 2623 395 2680 mortis
409 2640 480 2696 suae,
496 2621 609 2682 duobus
629 2623 753 2701 nauigiis
770 2623 892 2701 junctis,
907 2623 998 2682 stetui
1011 2623 1044 2682 in
1057 2624 1188 2684 medium

172 2718 301 2798 undique
324 2717 510 2795 conspicuum
534 2717 754 2777 tabernaculum
776 2719 875 2795 jussit,
897 2737 934 2780 ex
955 2737 1012 2798 quo
1037 2739 1068 2778 sc
1092 2727 1187 2780 osten·
1302 2765 1303 2770 η

173 2815 256 2874 deret
275 2813 414 2893 'periisse
435 2811 638 2873 credentibus:
661 2821 887 2892 conspectusque
900 2813 937 2874 eb
950 2814 1062 2889 incolis,
1083 2814 1187 2892 'spem
1302 2879 1303 2882 ,

172 2909 300 2969 hostium
313 2909 388 2970 ielso
410 2909 514 2969 nuncio
539 2915 706 2987 conceptum
729 2909 863 2971 inhibuit.
905 2910 1056 2972 ‘Secundo
1078 2910 1185 2970 doinus
1302 2909 1303 2934 ³

173 3025 256 3062 smne
278 3006 409 3079 delinxit,
430 3005 608 3084 eliquentum
630 3005 778 3065 intervelli
800 3025 818 3064 n
842 3010 948 3066 caetere
972 3005 1064 3066 olessc
1087 3006 1186 3084 praeoi·

171 3097 262 3178 piens,
277 3118 314 3157 ne
335 3101 418 3178 quies
440 3101 552 3179 corpori
566 3101 694 3161 inualido
708 3101 802 3160 sdhuc
821 3101 983 3160 necessarie
995 3100 1081 3178 pulsu
1095 3119 1185 3161 remc-
1279 3153 1282 3161 .

172 3213 237 3252 rum
260 3193 456 3271 impediretur.
505 3195 618 3266 Quarto
640 3198 796 3276 postquem
818 3197 954 3275 navigare
975 3203 1103 3274 coeperet
1124 3195 1185 3270 die,

172 3290 306 3371 pervenit
328 3289 360 3347 in
381 3289 536 3366 regionem,
552 3291 696 3350 desertum
718 3293 836 3372 quidem
858 3293 895 3353 ub
919 3291 1031 3367 incolis,
1051 3291 1106 3351 sed
1126 3292 1185 3350 iru-

172 3393 269 3448 meuto
294 3391 325 3444 et
351 3385 503 3464 pecoribus
530 3385 735 3446 abundantem.
783 3387 902 3448 Placuit
928 3388 954 3446 is
978 3387 1068 3462 locus,
1091 3393 1124 3448 et
1147 3386 1186 3446 sd

173 3503 263 3558 suum,
279 3489 308 3542 et
331 3481 369 3542 ed
382 3480 510 3540 militum
533 3481 671 3560 requiem.
714 3481 782 3542 Mos
796 3490 859 3542 eret
880 3483 1061 3561 principibus
1081 3481 1185 3541 emico·

172 3597 246 3653 rum,
261 3585 292 3638 et
304 3576 474 3638 custodibus
489 3577 626 3655 corporis,
638 3577 781 3636 excubare
796 3581 863 3635 unte
876 3578 1057 3655 praetorium,
1069 3577 1186 3656 quoties

174 3673 250 3751 Regi
275 3674 396 3734 adversa
415 3671 557 3734 ¹ualetudo
579 3671 735 3730 incidisset.
787 3671 854 3732 Hoc
879 3679 942 3731 tum
969 3691 1049 3732 more
1070 3677 1187 3752 quoque

177 3775 298 3844 cerreto,
316 3771 444 3831 universi
467 3769 631 3830 cubiculum
653 3771 716 3847 ejus
739 3767 858 3828 intrent.
910 3769 967 3829 Ille
982 3767 1135 3844 sollicitus,
1149 3787 1187 3828 ue
