2520 4390
274 385 397 430 arnum
424 386 495 430 vu.
524 385 609 428 oar.
636 387 699 430 111.
762 389 784 464 ··
942 371 998 432 149

65 549 88 604 ct.
120 541 258 602 Felicissimo
271 541 356 622 Regi,
371 547 402 601 et
415 541 511 601 omnia
523 541 561 601 ad
573 541 698 603 fortunae
711 561 771 603 suae
792 541 919 623 exigenti
937 563 996 604 mo·

65 659 102 713 sm,
119 637 234 696 satisfecit
269 635 481 716 'Septuaginta
499 644 586 697 natus
606 657 702 713 annos,
720 637 834 716 juvenis
854 639 944 715 ducis,
965 645 998 698 et

65 734 102 810 epb
113 733 183 791 etiam
192 731 299 811 gregarii
311 731 415 790 militis
429 731 529 790 munia
538 732 680 810 explevit3
693 751 762 810 ¹acer
771 733 899 809 consilio,
909 753 997 792 mann

65 842 153 901 cennos,
161 845 227 885 carus
235 826 417 904 principibus,
428 827 516 906 ougo
523 827 648 886 militum
654 827 803 906 acceptior.
833 831 853 858 ¹⁸
864 827 936 888 Haec
945 829 996 886 im-

65 921 138 980 lerint
148 941 201 980 eum
211 922 241 981 ad
252 922 333 1001 regni
346 921 542 999 cupiditatem,
557 943 592 980 an
606 929 720 981 tantum
739 929 906 1001 suspectum
925 924 996 982 sece-

65 1023 87 1090 st,
99 1016 185 1096 ambigi
195 1023 296 1094 potsst3
321 1018 341 1046 ¹¹
351 1015 420 1095 quia
434 1017 577 1093 Philotas,
590 1017 701 1076 ultimis
711 1017 885 1078 cruciatibus
895 1017 996 1093 victus,

65 1129 114 1168 ane
126 1110 221 1186 dixerit,
233 1131 293 1190 quae
313 1111 391 1170 facta
410 1111 526 1189 probari
544 1131 601 1170 non
621 1119 764 1190 poterant,
778 1131 816 1171 an
835 1111 916 1171 falsis
938 1119 996 1171 tor·

65 1212 161 1263 ntorum
172 1206 274 1282 petierit
287 1206 380 1280 finem,
394 1225 550 1284 aequoque
569 1206 687 1281 recenti,
701 1209 768 1265 culm
787 1207 880 1287 magis
899 1215 996 1284 posset

65 1321 123 1376 sere,
136 1302 280 1362 dubitatum
293 1309 345 1361 est.
387 1301 564 1376 Alexander,
578 1321 650 1380 quos
671 1301 762 1362 libere
783 1309 907 1361 mortem
926 1303 996 1361 Par·

65 1396 140 1454 sionis
151 1403 304 1474 conquestos
317 1415 379 1454 esse
388 1403 574 1474 compererat,
589 1396 760 1474 separandos
774 1415 792 1454 a
804 1403 907 1457 caetero
921 1415 997 1455 exer·

65 1511 70 1546 ι
82 1498 161 1564 ratus,
173 1491 201 1547 in
212 1509 292 1548 unam
305 1489 452 1549 cohortem
465 1489 597 1567 secrevit,
611 1491 767 1570 ducemque
780 1490 826 1550 his
840 1489 998 1550 Leonidam

66 1585 95 1659 it,
109 1591 136 1643 et
147 1585 233 1662 ipsum
244 1585 428 1645 Parmenioni
440 1586 583 1666 quondam
602 1587 705 1645 intima
725 1587 922 1646 familiaritate
935 1605 997 1644 con-

65 1687 140 1739 ctum
179 1681 248 1739 Fere
260 1680 349 1739 iidem
362 1689 454 1756 erant,
468 1701 540 1760 quos
555 1681 690 1762 ¹'alioqui
710 1682 776 1742 Rex
795 1681 936 1744 habuerat
956 1681 997 1739 in-

65 1793 82 1833 s.
123 1774 151 1833 N
151 1793 194 1833 am
205 1777 269 1833 culm
282 1776 406 1853 experiri
419 1775 508 1836 vellet
520 1777 646 1836 militum
666 1777 784 1853 animos,
799 1777 818 1808 ¹⁸
829 1777 995 1853 admonuit;

65 1869 114 1947 [uis
135 1870 241 1928 litteras
261 1869 291 1928 in
313 1870 512 1930 Macedoniam
532 1871 570 1930 ad
590 1891 658 1932 suos
678 1873 849 1951 scripsisset,
862 1871 908 1948 iis,
924 1889 997 1950 quos

68 1964 203 2040 mittebat,
216 1966 369 2042 perlaturis
382 1986 448 2025 cum
462 1965 527 2042 fide,
542 1967 697 2029 traderet.”
738 1968 756 1998 ¹⁴
767 1967 946 2046 Simpliciter
960 1966 997 2026 ad

65 2059 160 2116 ssarios
173 2077 236 2118 suos
247 2061 365 2138 quisque
379 2061 541 2138 scripserat,
551 2082 616 2140 quse
628 2061 777 2122 sentiebat.
812 2062 890 2122 Aliis
902 2063 999 2140 gravis

73 2152 212 2230 plerisque
224 2171 281 2212 non
294 2152 410 2232 ingrata
422 2153 535 2214 militia.
576 2155 627 2213 lca
640 2161 670 2213 et
683 2155 829 2233 agentium
848 2157 959 2235 gratias
969 2161 1000 2214 et

66 2246 163 2304 entium
176 2245 281 2306 litteroe
295 2255 422 2325 exceptos
436 2255 512 2308 sunt.
555 2249 626 2308 ¹⁸·mc
638 2250 688 2328 qui
701 2249 777 2308 forte
790 2249 911 2309 taedium
922 2249 1000 2309 labo·

66 2361 90 2399 er
103 2341 217 2400 litteras
230 2347 312 2400 erant
330 2341 435 2421 questi,
449 2343 521 2401 hanc
542 2348 666 2402 seorsim
686 2343 830 2404 cohortem
850 2365 867 2404 a
888 2345 1000 2404 caeteris

66 2455 98 2493 re
119 2435 287 2514 ignominiae
307 2441 394 2496 cansa
412 2437 512 2515 jubet;
541 2425 711 2498 fortitudine
728 2458 833 2498 usurus
856 2439 887 2498 in
912 2439 999 2516 bello,

67 2538 147 2588 atem
160 2531 272 2610 linguae
285 2531 322 2592 ab
335 2533 452 2594 auribus
463 2533 588 2593 credulis
596 2541 763 2596 remoturus.
786 2533 828 2594 Et
837 2535 998 2611 consilium,

66 2626 163 2684 arium
197 2627 324 2686 forsitam
351 2627 467 2707 (quippe
493 2628 645 2688 fortissimi
670 2632 792 2708 juvenes
819 2631 999 2690 contumeliis

66 2721 80 2777 si
110 2723 219 2800 erant),
248 2721 325 2780 sicut
358 2723 453 2782 omnia
488 2723 546 2782 alia
577 2723 704 2783 felicitas
732 2725 823 2806 Regis
851 2725 869 2754 ¹⁸
879 2725 998 2801 excepit.

80 2816 146 2874 illis
172 2816 215 2874 ad
238 2816 317 2876 bella
339 2817 501 2895 promptius
523 2819 587 2878 fuit
629 2818 779 2878 Incitabat
804 2819 944 2877 virtutem
970 2825 1001 2876 et

66 2910 139 2968 inias
163 2910 317 2970 demendae
338 2913 449 2990 cupido,
472 2920 503 2972 et
523 2913 592 2992 quia
611 2913 735 2972 fortiora
754 2913 832 2972 lacta
852 2911 883 2971 in
902 2913 1000 2991 paucis
1037 2919 1042 2922 ’

69 3022 133 3061 non
148 3010 302 3082 poterant.

66 3098 86 3157 l.
112 3103 143 3158 9.
169 3097 235 3158 His
260 3099 305 3156 ita
326 3100 500 3177 compositis,
521 3099 696 3178 Alexander,
721 3103 856 3164 Ariorum
879 3105 1000 3184 Satrape

69 3200 136 3269 uto,
154 3194 221 3254 iter
235 3193 424 3272 pronunciari
434 3195 519 3272 jubet
532 3197 564 3254 iu
583 3197 740 3276 Ariaspas;
762 3219 833 3280 quos
850 3203 911 3278 jam
930 3207 1000 3261 tunc
1081 3259 1084 3266 ,

67 3319 68 3334 c
84 3289 218 3348 nomine
234 3291 407 3365 Euergetas
421 3289 612 3368 appellabant,
627 3294 682 3352 1em
700 3315 757 3374 quo
770 3296 877 3376 frigore
890 3297 1000 3356 victus·

67 3384 168 3442 nuria
195 3383 276 3464 Gyri
299 3385 461 3444 exereitum
482 3387 614 3446 affectum
634 3390 719 3450 tectis
738 3397 768 3450 et
796 3389 1000 3450 commeatibus

67 3485 108 3539 nt.
161 3478 305 3550 Quintus
317 3480 465 3556 disserat,
480 3489 515 3541 ut
528 3482 795 3565 ineamregionem
814 3488 999 3562 pervenerat3
1071 3495 1077 3506 ·

67 3574 102 3631 cit
120 3573 371 3653 Satibarzanem,
384 3577 435 3656 qui
448 3575 486 3636 ad
499 3575 622 3638 Bessum
635 3579 787 3653 defecerat,
796 3598 861 3636 cum
872 3575 1001 3654 equitum

67 3668 219 3746 erupisse
235 3673 344 3729 rursds
357 3671 387 3730 in
401 3671 496 3733 Arica
538 3673 641 3752 Itaque
650 3671 804 3751 praemittit
817 3669 961 3728 Garanum
972 3675 1001 3728 et

67 3784 108 3822 m
124 3783 208 3822 cum
225 3765 381 3834 Artabano
393 3771 423 3825 et
436 3767 613 3843 Andronico,
627 3775 657 3825 et
670 3785 722 3826 sex
741 3763 870 3824 millibus
890 3763 1000 3826 draco

67 3859 210 3918 ditum:
237 3860 372 3920 sexcenti
392 3861 502 3940 equites
523 3863 722 3941 sequebantur.
765 3857 833 3938 Ipse
852 3861 1001 3942 sexaginta
