2520 4390
314 335 437 376 arnna
464 337 497 376 v.
527 337 612 378 car.
641 337 704 380 ιιι.
975 319 1013 380 87

50 481 76 550 et,
93 473 220 550 “licien”
241 473 344 554 inquit,
368 474 469 534 “banc
492 477 682 555 vocemque
701 474 819 536 indutas
842 495 915 551 sunu,
938 493 1014 536 soro·

50 592 94 630 um
105 590 153 629 non
164 570 243 630 solim
255 569 368 644 donum,
382 570 531 630 sedetiam
544 590 616 650 opus
628 571 719 633 vides.
761 557 865 631 Nostri
878 571 1015 650 decepere

50 687 78 724 ne
89 684 174 726 morea
218 665 323 741 'Cere
338 665 460 741 obsecro,
476 667 533 726 ¹⁰in
546 667 747 732 contumeliam
768 667 890 746 accipias
903 667 1015 746 ignora

52 763 130 820 ionem
141 782 224 821 nun
266 761 338 832 Quae
350 761 395 820 tui
414 761 504 821 moris
524 779 587 820 esse
606 761 780 842 cognorint
793 781 886 840 sporq
899 761 1014 822 abunde

50 865 134 916 erveta
155 863 217 916 sunt.
258 855 325 917 Scio
352 858 370 886 ¹¹
380 856 457 934 apud
482 875 534 916 uos
560 857 652 916 filium
678 857 709 916 in
736 865 890 936 conspectu
912 857 1014 917 mauis

50 952 104 1010 zeias
123 970 176 1012 esse
191 951 343 1026 considere,
364 951 422 1010 nisi
443 953 511 1010 culm
532 950 584 1010 illa
604 951 755 1029 permisit:
782 951 1015 1031 quotiescumque

50 1047 102 1106 dte
114 1047 177 1122 veni,
190 1047 285 1121 donec,
299 1053 335 1106 ut
354 1047 541 1122 considerem,
563 1067 710 1123 annueres,
730 1047 835 1108 restiti.
876 1047 1014 1107 Procum-

50 1161 90 1200 ens
103 1143 219 1202 venerari
237 1161 285 1200 me
306 1145 382 1219 scepei
405 1141 538 1218 voluisti3
560 1141 680 1202 inhibui
722 1142 907 1204 Dulcissimae
926 1141 1012 1202 matri

50 1237 178 1315 *lympiadi
189 1257 290 1296 nomen
302 1237 440 1312 debitum,
454 1237 510 1297 tibi
521 1237 638 1297 reddo.'’

78 1331 135 1392 III.
158 1335 197 1391 10.
217 1332 354 1410 Mitigato
378 1333 461 1407 ¹ejus
482 1331 585 1406 animo,
608 1331 676 1390 Rex
695 1330 808 1410 quartis
833 1330 936 1390 castris
955 1350 1016 1408 per·

50 1427 97 1484 ruit
109 1427 144 1484 ad
156 1427 260 1504 Tigrim
272 1426 398 1485 fluvium.
440 1426 630 1500 Pasitigrim
649 1425 872 1485 incoleevocant
916 1424 1018 1486 Oritur

50 1572 51 1578 ,
71 1521 207 1580 montibus
220 1521 370 1595 Uxiorum,
385 1527 414 1579 et
426 1539 479 1598 per
493 1541 511 1580 ι
525 1519 621 1581 stedia
642 1521 833 1599 sylvestribus
854 1519 926 1598 ripis
947 1539 1018 1596 prae-

50 1635 84 1694 ps
108 1617 179 1675 inter
199 1635 266 1675 saxa
288 1616 456 1676 devolvitur.
511 1615 668 1693 Accipiunt
695 1615 797 1674 deinde
826 1635 891 1676 eum
914 1615 1017 1692 campi,

50 1731 84 1770 os
110 1711 286 1770 clementiore
313 1711 395 1770 alveo
419 1710 556 1789 praeterit,
576 1712 639 1788 jam
664 1711 802 1770 'navium
827 1711 949 1790 patiens,
978 1729 1017 1768 no

50 1807 106 1866 tdia
127 1813 190 1866 sunt
202 1807 342 1866 mollioris
366 1807 429 1882 soli,
443 1826 494 1884 per
513 1807 591 1885 quod
604 1807 662 1866 leni
683 1813 778 1866 tractu
790 1827 928 1886 aquarum
948 1805 1017 1865 Per·

50 1924 70 1962 o
92 1903 162 1962 mari
183 1922 212 1962 se
232 1903 370 1962 insinuat.
421 1901 594 1977 Alexander,
617 1922 700 1962 amne
726 1909 869 1980 superato,
893 1922 959 1962 cnm
987 1920 1018 1960 rx

50 1999 134 2058 llibus
160 1996 297 2075 peditum,
327 2004 358 2055 et
385 1997 522 2075 Agrianis
550 1998 767 2076 sagittariisque
794 2004 823 2056 et
850 1996 1018 2058 Graecorum

51 2093 190 2152 rcenariis
212 2092 365 2166 militibus,
389 2111 424 2148 111
446 2091 556 2150 additis
582 2091 712 2152 millibus
734 2091 889 2166 Thracum,
916 2092 947 2150 in
976 2111 1019 2150 re-

50 2208 122 2246 nem
135 2187 280 2246 Uxiorum
300 2185 439 2262 pervenit.
480 2185 623 2244 llinitima
645 2185 730 2246 Susis
742 2193 798 2260 est,
812 2193 842 2244 et
856 2186 887 2243 in
899 2185 1020 2262 primam

50 2282 159 2342 reidem
172 2281 315 2338 excurrit:
337 2287 447 2337 erctum
466 2281 543 2339 inter
557 2299 588 2338 se
603 2286 632 2338 et
653 2278 789 2340 Susianos
803 2279 913 2338 aditum
936 2279 1020 2338 relin-

50 2397 103 2437 ens.
147 2375 284 2436 Medates
307 2381 369 2434 erut
392 2373 479 2452 hujus
505 2368 634 2454 regionis
656 2375 826 2450 Praefeotus,
849 2373 928 2434 haud
951 2373 1020 2434 send

51 2493 191 2550 mporum
205 2471 298 2530 homc.
327 2468 439 2548 Quippe
452 2469 557 2528 ultima
569 2489 620 2547 pro
633 2469 689 2528 lide
703 2470 829 2546 experiri
843 2471 1018 2531 decreverat

50 2573 52 2628 1
69 2567 163 2647 periti
178 2567 306 2625 locorum
320 2564 522 2626 Alexandrum
542 2563 654 2651 docent,
669 2565 811 2624 occultum
823 2565 881 2624 iter
894 2585 956 2626 esse
968 2585 1020 2644 per

50 2685 96 2738 ee,
112 2670 144 2722 et
157 2681 294 2722 aversum
308 2660 344 2720 ab
356 2660 446 2721 urbe:
468 2659 494 2719 si
506 2679 612 2737 paucos
625 2659 752 2719 misisset
765 2659 871 2720 leviter
884 2669 1019 2735 armatos,

50 2780 83 2818 er
111 2757 217 2834 capita
242 2755 370 2814 bostium
396 2773 539 2814 evasuros.
582 2753 833 2815 simeonium
856 2753 1020 2830 placuisset,

50 2875 85 2911 m
99 2853 245 2910 itinerum
258 2851 377 2908 fuerunt
390 2849 492 2909 duces:
513 2849 594 2907 mille
608 2856 638 2906 et
650 2848 802 2926 quingenti
815 2845 944 2906 mercede
957 2866 1021 2906 con·

50 2949 85 3022 ti,
101 2953 134 3004 et
156 2945 287 3025 Agriani
310 2946 371 3004 fere
393 2945 474 3004 mille
499 2945 629 3003 Tauroni
649 2943 795 3004 Praeiecto
815 2942 886 3018 dati,
902 2961 935 3002 ae
954 2949 1021 3022 post

50 3064 55 3100 ι
87 3059 229 3100 occasum
252 3041 311 3098 iter
333 3039 445 3117 ingredi
462 3039 544 3116 jussi.
586 3037 655 3114 Ipse
677 3037 766 3096 tertie
790 3037 892 3116 vigilis
918 3038 1021 3098 cestris

50 3139 87 3211 is,
120 3135 205 3194 circa
238 3133 313 3193 lucis
346 3139 442 3192 orium
474 3137 660 3210 superaverat
693 3131 857 3210 angustias:
892 3137 1019 3212 caesique

50 3232 118 3292 eriis
148 3230 287 3290 cratibus
315 3235 346 3288 et
373 3228 480 3306 pluteis
504 3225 654 3301 iaciendis,
681 3227 783 3305 utqui
811 3234 905 3290 turres
926 3229 1021 3287 admo-

50 3333 100 3400 nt,
117 3326 235 3386 ⁴extra
246 3324 301 3384 teli
314 3323 403 3382 ictum
417 3328 521 3398 essent,
542 3321 643 3382 urbem
663 3319 794 3384 obsidere
807 3323 902 3402 eoepit.
944 3323 1022 3381 Prae

50 3442 73 3478 a
102 3425 196 3486 erens
226 3419 329 3493 omnia,
353 3417 431 3477 saxis
455 3423 486 3476 et
506 3415 618 3476 cotibus
641 3415 787 3496 impedite.
830 3415 935 3475 Multis
954 3415 1022 3490 ergo

50 3516 169 3576 eribus
185 3514 314 3592 depulsi,
328 3519 362 3572 ut
374 3513 478 3592 quibus
499 3531 557 3570 non
579 3532 644 3570 cum
656 3512 739 3572 hoste
753 3511 857 3584 schim,
872 3509 922 3568 sed
936 3506 1024 3565 etiam

66 3613 142 3670 loco
159 3609 365 3670 dimicandum
386 3615 470 3684 esset,
485 3608 620 3670 subibant
640 3615 752 3683 tamen;
773 3605 842 3683 quia
862 3604 928 3661 Rex
948 3600 1023 3660 inter

52 3727 94 3766 os
135 3706 330 3781 constiterat,
363 3705 553 3784 interrogans,
586 3707 658 3761 “tot
690 3701 804 3760 urbium
831 3696 953 3756 victores
986 3717 1024 3756 an

50 3809 206 3861 escerent
231 3801 341 3860 haerere
362 3800 393 3858 in
415 3799 565 3860 obsidione
585 3795 699 3856 castelli
726 3791 823 3870 exigui
838 3797 868 3848 et
890 3791 1023 3871 ignobilis
