2520 4390
318 377 519 420 riurano.
546 377 632 422 car.
658 377 740 420 xvn.
997 359 1036 422 77

51 515 131 576 menie
142 515 284 594 ignorabat
295 516 411 596 quidam
435 535 552 578 causam
565 517 620 578 sub
639 522 742 594 sponte
761 533 868 596 pugnae
880 514 1032 576 remissae:

50 611 94 670 sed
113 611 245 670 occasione
267 611 401 672 vincendi
423 611 543 672 strenue
566 618 612 670 est
633 631 711 670 usus.
754 609 909 670 Thessalos
921 611 1034 690 equites

49 707 81 764 ad
93 725 121 765 se
132 705 217 766 vocari
226 705 328 782 jubet:
350 707 367 739 “
378 706 521 784 Ecquid,’‘
536 705 640 784 iuquit,
654 706 671 738 “
683 705 789 765 videtis
802 706 884 780 istos,
897 705 948 784 qui
960 705 1033 764 sero-

47 800 112 860 citer
134 800 208 860 modb
234 800 388 875 instabant,
409 800 512 878 pedem
538 800 647 860 referre
675 800 772 860 subito
795 818 903 878 perora
925 807 1033 878 perter-

45 895 130 954 ritos?
165 894 306 954 Nimirum
319 895 423 956 ‘uobis
445 913 560 974 qnoque
582 891 675 973 Regis
689 894 783 954 nostri
802 894 921 952 fortuna
933 893 1032 954 vineit.

45 988 158 1050 “Omnia
179 989 334 1050 Persarum
357 989 436 1050 caede
458 996 551 1048 strete
573 995 661 1048 sunt:
680 988 752 1068 quid
774 987 920 1048 cessatis?
939 1007 976 1048 an
996 1007 1033 1050 ue

41 1084 199 1160 fugientibus
219 1084 336 1162 quidem
357 1103 443 1162 pares
456 1083 527 1144 estis
536 1083 550 1142 l
559 1083 575 1116 '’
618 1081 699 1142 Vera
713 1083 809 1142 dicore
823 1082 988 1158 videbatur,
1003 1089 1033 1142 et

40 1197 98 1254 spes
109 1179 270 1256 languentes
283 1198 396 1257 quoque
410 1185 561 1238 erexerat:
583 1177 708 1238 subditis
721 1177 881 1238 calcaribus
894 1183 1033 1254 proruere

40 1272 64 1329 in
77 1273 195 1334 bostem:
216 1280 248 1332 et
269 1273 314 1332 illi
335 1275 397 1349 jam
409 1291 468 1332 uon
482 1273 600 1344 sensim,
615 1271 666 1330 sed
688 1271 778 1330 citato
799 1271 891 1348 gradu
903 1271 1032 1330 'recede-

40 1366 118 1426 bant:
136 1367 357 1446 necquidquam
371 1367 460 1446 fugae,
473 1367 531 1426 nisi
544 1365 623 1443 qudd
637 1372 722 1442 terga
734 1365 865 1424 nondnim
878 1373 1034 1440 verterant,

40 1462 137 1520 leerat.
176 1461 328 1520 Parmenio
351 1468 448 1520 tamen
476 1460 603 1538 ignarus,
616 1479 749 1538 quaenam
769 1459 799 1518 in
820 1459 925 1518 dextro
946 1478 1035 1518 cornu

40 1556 142 1614 :brtuua
163 1554 254 1632 Regis
278 1562 363 1628 esset,
388 1556 526 1632 repressit
549 1572 626 1614 suos.
679 1553 817 1628 Mazaeus,
841 1553 909 1612 dato
930 1573 1035 1632 puguae

43 1651 143 1726 spatio,
156 1669 212 1708 uon
225 1657 305 1708 recto
318 1650 432 1724 itincre,
447 1649 498 1708 sed
509 1651 627 1726 majore,
642 1655 672 1708 et
685 1648 722 1708 ob
736 1648 767 1706 id
781 1648 889 1708 tutiore
902 1649 1034 1727 circuitu,

40 1746 135 1822 tigrim
148 1751 271 1822 superat,
286 1752 317 1804 et
329 1744 510 1823 Babylonem
531 1763 597 1803 cum
611 1743 742 1822 reliquiis
762 1743 869 1804 devicti
883 1745 1033 1804 exercitiis

40 1847 122 1899 ntrat.

82 1938 127 1994 61.
149 1934 265 2009 Darius,
280 1934 380 2012 paucis
394 1934 473 2013 fugae
486 1933 640 1995 comitibus
654 1933 692 1992 ad
714 1933 827 2012 Lycum
841 1953 954 1994 amnem
968 1953 1031 1994 eou-

39 2030 174 2088 enderot:
195 2048 252 2107 quo
267 2032 400 2106 trejecto,
415 2029 561 2088 dubitavit
582 2049 621 2086 au
634 2028 757 2088 solveret
767 2037 903 2106 pontem:
924 2029 1032 2108 quippe

39 2131 134 2184 ostem
154 2126 216 2200 jam
230 2123 317 2182 affore
338 2123 539 2182 nunciabatur.
583 2122 642 2182 Sed
656 2129 702 2180 tot
715 2122 807 2182 millia
827 2141 953 2196 suorum,
968 2143 1034 2202 quae

39 2218 148 2277 undum
162 2218 201 2275 ed
222 2237 333 2276 amnem
354 2224 554 2294 pervenerunt,
567 2224 655 2293 ponte
677 2215 777 2292 reciso,
790 2215 917 2292 praedem
941 2215 1034 2276 bostis

39 2333 81 2370 >re
109 2311 237 2370 videbat
291 2311 467 2384 Abeuntem,
500 2312 568 2370 edm
595 2311 736 2370 intactum
769 2309 878 2369 sineret
909 2317 1034 2388 pontem,

39 2407 129 2466 ixisse
140 2413 264 2480 constat,
278 2405 384 2464 ’molle
395 2423 426 2464 se
437 2405 654 2484 insequentibus
667 2405 724 2463 iter
732 2404 809 2482 dare,
819 2405 907 2483 quam
920 2405 1034 2466 auferre

39 2501 209 2580 gieutibus.
260 2499 330 2578 Ipse
345 2502 363 2530 ¹⁰
371 2501 472 2579 ingens
487 2500 612 2578 spatium
626 2500 698 2579 lugd
711 2517 851 2574 emensus,
865 2501 960 2560 medie
971 2502 1032 2562 ferd

39 2605 96 2656 »ete
125 2595 243 2656 Arbela
267 2595 408 2674 pervenit
456 2593 529 2665 Quis
552 2601 598 2654 tot
620 2594 749 2654 ludibria
769 2596 903 2671 fortunus,
926 2596 1033 2656 ducum

39 2691 221 2770 minumque
245 2691 352 2752 oaedem
374 2690 574 2768 multiplicem,
598 2690 778 2750 devictorum
800 2691 907 2768 fugam,
934 2691 1032 2752 clades

39 2807 86 2844 mc
102 2786 300 2864 singulorum,
313 2805 390 2844 uuue
411 2785 620 2861 universorum,
634 2791 686 2844 aut
701 2785 795 2844 auimo
809 2784 925 2862 assequi
937 2791 1032 2862 queat,

42 2890 56 2938 t
79 2881 221 2938 oratione
245 2879 424 2958 complecti?
464 2880 679 2957 Propemodum
701 2878 801 2938 sarculi
824 2897 871 2938 ras
891 2878 921 2936 in
943 2899 1033 2938 unum

39 2995 92 3034 um
110 2975 196 3033 diem
210 2975 327 3034 fortune
337 2974 503 3034 cumulavit.
545 2973 611 3032 Alii
624 2973 684 3052 qud
697 2972 899 3032 brevissimum
913 2974 1033 3051 patebst

41 3091 67 3144 r,
92 3069 150 3128 alii
174 3069 308 3130 diversos
331 3068 434 3146 soltus,
448 3073 479 3128 et
501 3069 615 3146 ignotos
637 3067 825 3146 sequentibus
848 3068 935 3128 callos
955 3077 1031 3147 pete·

39 3171 81 3223 nt.
133 3163 242 3243 Eques
264 3163 408 3242 pedesque
430 3163 542 3222 confusi
566 3161 629 3222 eine
653 3161 736 3236 duce,
757 3163 876 3222 armatis
897 3163 1031 3238 inermes,

39 3259 135 3338 ,egris
173 3258 288 3319 debiles
321 3257 554 3335 implicabantur.
610 3255 734 3332 Deinde,
767 3257 967 3319 misericordie
1001 3259 1032 3316 in

39 3360 117 3412 :turn
131 3357 236 3428 versa,
250 3353 302 3432 qui
323 3352 406 3432 sequi
425 3371 483 3412 uon
505 3358 650 3430 poteraut,
670 3352 748 3412 inter
769 3361 887 3414 mutuos
906 3353 1032 3430 gemitus

39 3447 235 3508 serebantur.
277 3448 351 3510 Sitis
372 3446 517 3525 praecipue
530 3447 669 3524 fatigatos
683 3454 714 3506 et
734 3448 848 3508 saucios
867 3444 1032 3523 perurebat,

39 3544 181 3621 uimque
196 3541 332 3603 omnibus
353 3541 425 3602 rivis
448 3547 665 3620 prostraverant
688 3561 818 3620 corpora,
839 3536 1031 3616 praeterfluen-

39 3658 53 3694 r
82 3657 207 3716 aquam
227 3636 321 3696 bieuti
334 3657 382 3696 ore
395 3644 553 3715 captantes
595 3636 691 3708 Quam
704 3637 773 3696 edm
786 3633 870 3692 avide
885 3629 1032 3690 turbidam

39 3732 189 3810 ruissent,
206 3734 225 3762 ²¹
237 3731 427 3792 tendebantur
440 3733 586 3810 extemplb
598 3729 761 3810 praeoordia
773 3732 922 3804 premente
943 3724 1011 3786 limo
1023 3746 1030 3787 :

39 3826 216 3906 olutisque
236 3833 267 3886 et
288 3827 473 3905 torpentibus
487 3827 632 3898 membris,
645 3827 711 3882 cum
733 3819 945 3898 supervenisset
968 3821 1028 3884 lros·
