2642 4386
224 351 280 412 toa
347 369 352 388 ·
570 367 709 422 eurum
736 368 877 412 ouarrr

279 511 325 568 2⁷.
349 507 429 569 Hine
463 507 667 570 Menedemum
700 529 767 570 cum
798 508 895 572 tribus
927 507 1059 570 millibus
1097 508 1258 588 peditum,

218 609 249 662 et
262 603 438 682 octingentis
452 603 600 683 equitibus
623 604 661 662 ad
684 604 786 666 urbem
809 603 986 664 Maracanda
1005 603 1103 662 misit.
1156 603 1257 682 Spita·

216 715 315 758 menes
337 699 496 778 transfuga,
519 698 655 777 praesidio
679 697 872 758 Macedonum
894 697 961 758 inde
990 697 1125 774 dejecto,
1158 699 1254 756 muria

215 793 298 852 urbis
325 797 389 872 ejus
416 795 574 854 incluserat
597 813 637 868 se,
672 793 751 852 haud
778 793 930 872 oppidania
957 793 1124 852 consilium
1156 793 1252 853 defec-

216 889 306 948 tionis
333 889 568 968 approbantibus.
623 889 714 968 Sequi
737 897 835 948 tamen
861 887 1046 962 videbantur,
1076 889 1161 967 quia
1191 909 1250 966 pro

170 1021 174 1028 ι
215 983 315 1044 hibere
329 1005 387 1044 non
406 990 549 1061 poterant
591 982 717 1044 Interim
731 983 900 1044 Alexander
914 982 952 1044 ad
973 981 1107 1040 Tanaim
1133 1003 1248 1042 amnem

215 1079 302 1154 radit,
316 1087 347 1138 et
371 1086 512 1158 quantum
532 1077 588 1138 soli
610 1085 820 1157 occupaverant
838 1078 951 1152 castris,
965 1095 1050 1136 muro
1076 1077 1245 1137 circumde

214 1173 267 1234 dit.
320 1173 479 1254 Sexaginta
502 1163 664 1234 stadiorum
687 1175 769 1236 urbis
796 1193 895 1232 murus
919 1173 993 1249 fuit,
1023 1172 1104 1232 hane
1130 1193 1244 1252 quoquo

215 1269 319 1330 urbem
340 1269 553 1330 Alexandriam
574 1269 716 1350 appellari
732 1269 830 1347 jussit.
874 1267 958 1347 Opus
979 1272 1065 1327 tanta
1087 1269 1244 1328 eeleritate

215 1365 377 1443 perfectum
392 1371 445 1441 est,
460 1372 495 1425 ut
516 1365 627 1426 decimo
648 1365 771 1443 septimo
787 1365 843 1439 die,
855 1365 943 1443 quim
963 1363 1160 1424 munimenta
1175 1365 1242 1424 exci-

215 1467 279 1520 tata
293 1469 384 1537 erant,
400 1469 478 1522 tecta
499 1481 613 1542 quoque
627 1461 709 1520 urbis
730 1460 749 1488 ²⁸
757 1459 983 1521 absolverentur.
1028 1457 1151 1538 Ingens
1176 1461 1241 1519 mili-

153 1551 159 1566 ‘
214 1563 278 1616 tum
306 1565 452 1616 certamen
475 1557 551 1616 inter
574 1557 654 1634 ipsos
682 1556 787 1633 fuerat,
813 1563 848 1616 ut
876 1573 960 1614 suum
980 1555 1107 1633 quisque
1137 1575 1241 1615 munus

215 1650 235 1680 ²⁸
246 1651 325 1728 (nam
349 1651 474 1710 divisum
498 1654 572 1730 erat)
595 1651 706 1728 primus
727 1649 902 1712 ostenderet
944 1647 1055 1710 Incolae
1070 1669 1165 1710 novae
1179 1651 1241 1710 urbi

216 1745 236 1774 ¹¹
246 1745 310 1804 dati
323 1746 438 1823 captivi,
453 1763 534 1824 quos,
551 1743 666 1806 reddito
677 1747 771 1824 pretio
786 1743 919 1819 dominis,
933 1744 1091 1806 liberavit:
1112 1767 1239 1826 qnorum

214 1840 325 1918 posteri
346 1859 422 1898 nunc
444 1859 558 1919 quoque
582 1859 639 1900 non
654 1841 731 1918 apud
753 1861 802 1900 eos
823 1849 883 1900 tem
903 1840 989 1919 longa
1002 1846 1102 1918 aetate,
1116 1850 1237 1921 propter

214 1935 382 1994 memoriam
396 1935 570 2009 Alexandri,
584 1935 783 1996 exoleverunt.

276 2029 352 2090 VII.
374 2033 420 2090 28.
444 2030 489 2090 At
511 2030 579 2090 Rex
605 2031 789 2110 Scytharum,
810 2033 894 2108 cujus
919 2037 983 2089 tum
1005 2029 1086 2100 ultra
1110 2031 1234 2092 Tanaim

214 2125 368 2204 imperium
390 2133 461 2202 eret,
472 2133 554 2186 retus
579 2146 641 2186 eam
655 2127 766 2201 urbem,
787 2147 873 2206 quam
894 2125 925 2184 in
944 2125 1011 2203 ripe
1025 2126 1121 2186 amnia
1138 2127 1232 2187 Mace·

214 2222 305 2282 donea
323 2222 521 2297 condiderant,
543 2223 604 2282 suis
628 2222 793 2300 impositam
817 2239 880 2280 esse
905 2219 1075 2294 cervicibus,
1101 2221 1231 2296 fratrem

179 2363 182 2374 ,
216 2317 362 2380 Oartasim
375 2319 498 2392 nomine,
513 2337 580 2378 cum
594 2321 699 2396 magna
720 2316 850 2396 equitum
869 2335 958 2374 manu
971 2315 1052 2374 misit
1064 2315 1105 2374 ad
1119 2317 1230 2376 diruen-

215 2412 282 2471 dam
297 2432 369 2486 eam,
383 2413 541 2490 proculque
565 2433 648 2472 amne
674 2412 887 2473 submovendas
909 2410 1103 2472 Macedonum
1124 2413 1227 2491 copias

216 2507 390 2566 Bactrianos
405 2509 413 2536 ²
426 2506 536 2566 Tanais
558 2507 595 2567 ab
618 2507 746 2584 Scythis,
761 2527 833 2586 quos
857 2506 1017 2584 Europaeos
1030 2513 1148 2582 vocant,
1164 2507 1227 2567 divi·

215 2600 269 2660 dit.
322 2599 407 2660 Idem
432 2601 536 2662 Asiam
558 2609 589 2660 et
613 2601 762 2681 Europam
786 2602 1027 2668 finisinterfluit.
1080 2601 1227 2664 (laeterdm

217 2697 390 2776 Scytharum
416 2717 488 2778 gens
514 2696 592 2758 haud
619 2699 721 2776 procul
750 2699 875 2784 Thracia
903 2699 968 2774 sita,
989 2698 1027 2760 ab
1049 2697 1174 2762 Oriente
1193 2699 1226 2760 ad

217 2794 450 2874 Septentrionem
464 2813 496 2854 se
509 2794 608 2869 vertit,
622 2794 884 2875 Sarmatarumque,
898 2803 932 2853 ut
945 2795 1063 2874 quidam
1071 2795 1226 2872 credidere,

215 2909 274 2950 uon
287 2891 419 2966 finitima,
433 2889 485 2950 sed
499 2909 566 2970 pars
580 2897 633 2950 est
687 2890 784 2950 Recta
798 2891 903 2950 deinde
916 2891 1063 2968 regionem
1076 2891 1225 2950 Alaunrim

216 2985 298 3044 ultra
312 2985 423 3044 Istrum
443 2989 588 3062 jacentem
608 2985 675 3060 coit,
691 2993 721 3044 et
733 2985 837 3046 ultima
850 2986 941 3061 Asiae,
956 2985 1016 3064 qud
1029 2983 1140 3045 Bactra
1152 2993 1223 3060 suut,

216 3080 342 3158 stringit.
394 3080 576 3140 Habitantur
596 3101 662 3160 quas
684 3080 883 3158 Septentricni
903 3081 1037 3158 propiora
1056 3089 1146 3140 sunt:
1166 3102 1224 3160 pro

215 3175 315 3236 sunda
337 3174 404 3234 inde
427 3175 526 3252 sylvae,
540 3189 689 3256 vastasque
712 3175 885 3236 solitudines
900 3176 1056 3254 excipiunt
1101 3176 1222 3252 Rursds,

215 3287 281 3351 quae
294 3277 325 3328 et
340 3268 461 3328 Tanaim
474 3277 504 3328 et
526 3269 634 3330 Bactra
657 3276 797 3350 spectent,
811 3269 957 3330 'humano
971 3270 1054 3330 cultu
1074 3270 1153 3330 haud
1173 3272 1222 3330 dis

216 3365 297 3445 paria
320 3372 395 3425 sumt
452 3364 570 3426 Primus
593 3385 659 3428 cum
682 3366 737 3426 nac
760 3373 847 3444 gente
871 3384 929 3424 non
952 3366 1100 3443 provisum
1120 3367 1223 3428 bellum

218 3461 387 3522 Alexander
400 3468 546 3540 gesturus,
561 3463 631 3520 edm
654 3461 685 3520 in
708 3467 865 3538 conspectu
884 3461 948 3538 ejus
964 3459 1148 3540 obequitaret
1165 3461 1221 3522 hos

217 3558 266 3632 tis,
281 3557 375 3616 adhuc
391 3577 469 3635 aeger
482 3577 520 3616 ex
533 3557 662 3630 vulnere,
677 3555 822 3633 praecipue
845 3573 915 3614 voce
940 3555 1085 3632 deficiens,
1099 3577 1183 3636 quam
1196 3564 1222 3616 ct

217 3653 369 3712 'modicus
397 3653 490 3726 cibus,
518 3657 548 3709 et
582 3649 702 3710 cervicis
736 3649 914 3710 extenuabat
947 3649 1038 3724 dolor,
1066 3652 1170 3712 amicos
1195 3653 1221 3712 in

219 3748 374 3808 consilium
398 3745 533 3806 advocari
550 3744 646 3823 jubet.
702 3745 844 3806 Terrebat
871 3764 937 3803 eum
964 3765 1021 3804 non
1048 3745 1149 3822 hostis,
1175 3747 1222 3806 sed

220 3841 360 3922 iniquitas
382 3841 528 3921 temporis.
579 3839 748 3900 ‘Bactriani
766 3840 943 3944 ,defecerant
999 3840 1117 3920 scytha
1142 3843 1221 3904 etiam
