2642 4386
387 449 509 492 menn
536 451 627 494 vrrs.
658 454 744 494 cer.
774 453 865 494 v111.
1074 437 1130 498 lea

114 589 224 667 Iugero,
250 589 322 650 belli
350 591 426 666 jure,
453 591 661 670 persequimur.
718 591 765 651 Tu
800 592 977 652 Macedonas
1009 593 1130 654 voluisti

113 691 209 764 genua
223 685 278 744 tibi
291 705 406 762 ponere,
421 685 613 765 venerarique
634 695 665 746 te
685 695 720 745 ut
740 687 843 746 Deum.
887 688 933 746 Tu
960 689 1129 768 Philippum

112 788 229 858 patrem
243 782 419 856 loreverearis,
435 787 465 840 et
487 783 513 841 si
527 783 594 861 quis
609 783 737 842 Deorum
751 793 820 843 ante
842 785 865 844 J
867 803 948 844 ovem
962 785 1128 862 haberetur,

113 875 263 935 fastidires
276 877 361 936 etiam
377 877 401 936 J
401 897 492 937 ovem.
539 877 659 937 Miraris
677 880 703 938 si
720 879 806 940 liberi
820 880 951 938 homines
965 882 1129 958 superbiam

113 976 195 1030 tuam
209 973 285 1031 ferre
298 993 355 1031 non
369 975 546 1050 possumus?
590 973 669 1045 Quid
690 993 841 1053 speramns
854 967 944 1050 exte,
957 977 1064 1055 quibus
1077 985 1130 1036 aut

112 1067 274 1128 insontibus
295 1068 479 1128 moriendum
504 1075 558 1146 est,
580 1077 640 1144 ant,
656 1071 735 1148 quod
761 1071 879 1130 tristius
903 1079 998 1131 morte
1019 1079 1073 1148 est,
1097 1073 1129 1131 iu

112 1163 255 1223 servitute
268 1163 450 1224 vivendum?
493 1165 539 1223 Tu
553 1165 679 1244 quidem,
695 1167 720 1224 si
735 1167 883 1226 emendari
896 1175 987 1245 potes,
1001 1167 1128 1228 multum

111 1261 181 1318 mihi
196 1262 292 1321 debes.
336 1259 386 1319 Ex
400 1278 446 1318 me
461 1261 537 1317 enim
552 1262 626 1318 seire
641 1261 755 1339 coepisti
768 1263 847 1340 qnod
862 1263 981 1341 ingenui
994 1264 1127 1322 homines

109 1355 187 1416 ferre
211 1377 271 1415 non
293 1362 426 1433 possunt.
481 1354 527 1413 De
554 1364 659 1414 eaetero
690 1375 776 1432 pareo
799 1357 856 1430 iris,
880 1376 1014 1434 quorum,
1029 1357 1129 1416 orbam

110 1459 294 1511 senectutem
322 1451 475 1527 supplioiis
501 1469 539 1509 ne
567 1451 740 1510 oneraveris.
784 1451 848 1510 Nos
874 1452 945 1528 jube
971 1451 1075 1527 ²¹duei,
1095 1459 1131 1510 ut

110 1547 191 1625 quod
218 1535 255 1604 ex
282 1548 336 1606 tut
364 1553 457 1606 morte
482 1547 671 1625 petieramus,
700 1565 910 1628 ooneequsmnr
937 1565 975 1607 ex
1001 1548 1129 1608 ιιιιιιιιὰ)ι

112 1641 190 1700 Haeo
205 1640 391 1700 Hermolaus.

174 1736 269 1796 VIII.
293 1741 340 1798 2⁷.
372 1738 416 1798 At
441 1738 518 1813 Rex,
551 1735 675 1809 “Quem
700 1735 774 1798 falsa
794 1739 884 1814 sint,’'
907 1738 1010 1820 inquit,
1034 1743 1129 1819 “quae

110 1831 168 1890 Iste
196 1833 306 1892 tradita
327 1853 344 1892 a
369 1835 509 1914 magistro
534 1853 587 1892 suo
614 1834 699 1911 dixit,
722 1835 868 1912 patientia
894 1855 959 1894 mea
986 1833 1127 1894 ostendit.

111 1928 119 1956 ¹
131 1926 301 1988 Confessum
315 1929 391 1988 enim
404 1931 540 1988 ultimum
562 1931 683 2005 fotinus,
697 1936 793 1990 tamen
815 1937 850 1990 ut
862 1949 914 1990 vos
927 1949 1050 2010 quoqne,
1070 1944 1129 1988 non

109 2022 206 2082 solnm
227 2024 298 2102 ipse,
323 2024 473 2099 audiretis,
496 2025 641 2102 expressiq
670 2025 748 2082 'non
771 2025 948 2103 imprudens,
975 2019 1043 2084 eum
1065 2043 1125 2101 per·

107 2115 257 2176 misissem
276 2118 347 2176 huie
366 2118 474 2176 latroni
497 2117 601 2194 dioere,
627 2137 747 2176 usurum
774 2137 840 2178 enm
866 2119 956 2193 rabie,
977 2123 1036 2196 qna
1056 2137 1124 2176 oom·

107 2212 215 2291 pulsus
235 2218 290 2286 ert,
310 2219 346 2270 ut
364 2232 418 2286 me,
438 2231 524 2292 quem
546 2212 676 2290 peremis
696 2211 759 2270 loeo
778 2211 872 2271 eelere
892 2213 1020 2288 deberet,
1040 2211 1130 2274 vellet

108 2305 269 2366 oooidere.”

173 2399 302 2480 “Nuper
323 2409 386 2460 olm
407 2401 561 2479 proeaeids
587 2420 618 2460 se
644 2400 675 2460 in
700 2401 853 2462 venatione
878 2401 1023 2482 gessisset,
1049 2419 1128 2461 more

107 2498 213 2577 patrio,
227 2497 308 2558 stab
322 2497 530 2576 antiquissimis
545 2496 725 2557 Maeedoniaa
738 2497 868 2576 Regibus
880 2505 1029 2576 usurpato,
1044 2497 1129 2556 easti-

107 2593 173 2672 gari
198 2613 264 2652 eum
284 2593 368 2671 jussi.
411 2593 477 2652 Hoo
497 2599 527 2651 et
548 2599 664 2670 oportet
682 2593 762 2668 ferri,
778 2599 809 2652 et
827 2593 927 2653 ierunt
946 2613 963 2651 a
983 2591 1129 2654 tutoribus

107 2687 223 2768 pupilli,
238 2709 256 2747 a
274 2688 387 2748 maritis
406 2705 531 2748 uxores:
551 2687 643 2748 servis
665 2707 778 2768 qnoque
796 2704 901 2766 pueros
923 2675 1012 2765 hujus
1030 2687 1130 2747 utatis

108 2783 263 2843 verberare
276 2783 465 2843 eonoedimns.
508 2783 582 2844 Hoee
603 2789 650 2842 est
670 2783 784 2842 saevitia
796 2783 828 2842 in
840 2783 937 2859 ipsum
950 2799 1023 2856 mea,
1043 2799 1130 2859 quam

107 2877 203 2954 impie
215 2875 400 2938 eaederolnit
412 2877 522 2938 uloisoi.
565 2876 644 2936 Nem
664 2878 696 2936 in
716 2883 843 2951 eaeteros,
857 2875 908 2954 qni
927 2874 1001 2933 milri
1014 2875 1129 2953 permit·

108 2978 181 3030 tunt
192 2971 240 3028 uti
252 2971 368 3050 ingenio
381 2990 453 3046 meo,
466 2974 554 3050 quam
572 2972 655 3030 mitis
669 2972 733 3046 eim,
755 2989 814 3028 non
835 2970 987 3050 ignoratis,
1007 2977 1037 3030 et
1055 2989 1128 3030 oom-

107 3085 271 3128 memorare
284 3085 492 3144 supervaounm
503 3067 575 3126 est.’'

172 3165 190 3198 “
202 3161 362 3222 Hermolao
369 3159 576 3238 parricidarum
587 3159 727 3238 supplioia
739 3177 797 3218 non
809 3158 935 3237 probari,
948 3162 1016 3220 edm
1029 3161 1128 3221 eadem

109 3258 174 3336 lpse
186 3255 333 3330 meruerit,
347 3255 468 3314 mieime
484 3251 601 3320 horeale
621 3255 755 3316 admiror.
797 3253 874 3314 Nom
887 3259 950 3314 eum
964 3255 1129 3316 Parmenio·

109 3357 223 3410 namet
245 3351 393 3410 Philotam
416 3337 603 3426 laudensem
622 3349 833 3410 serviremus
875 3349 1129 3428 Lyneestemverd

111 3445 312 3506 Alexandrum
324 3446 371 3507 bis
383 3445 555 3506 insidiatum
575 3443 666 3523 ospiti
685 3463 749 3504 meo
771 3445 914 3506 adnabue
925 3444 1044 3504 indieiis
1058 3443 1129 3501 libe·

112 3541 185 3603 reri.
227 3541 346 3602 Rursus
368 3541 540 3616 eonviotum,
553 3559 606 3619 per
627 3540 774 3602 biennium
794 3547 892 3599 tumen
915 3535 1026 3610 distuli
1040 3535 1130 3594 donee

113 3653 165 3696 ros
190 3635 379 3714 postularetis
404 3642 440 3694 ut
466 3635 582 3696 tandem
613 3635 713 3696 debito
740 3633 882 3713 srpplieio
909 3631 1002 3690 melus
1028 3629 1129 3691 lueret.

114 3729 257 3806 Attalum,
268 3732 422 3809 antequam
443 3731 511 3790 Rex
524 3749 625 3807 essem,
645 3729 759 3790 hesram
782 3745 848 3786 meo
860 3724 950 3803 eapiti
969 3723 1060 3783 fuisse
1073 3743 1131 3783 me·

113 3825 248 3885 finistis.
291 3824 389 3886 (ilitus
411 3825 524 3884 utinun
546 3843 605 3883 non
627 3824 829 3902 eoegipsetms
849 3819 907 3880 sibi
923 3818 1028 3880 lustri:
1049 3821 1132 3896 eujus

114 3920 296 3980 temerarimn
309 3920 439 3999 lingum
449 3919 555 3998 probra
569 3919 690 3977 dioentis
702 3916 775 3975 mihi
786 3923 817 3974 et
836 3913 928 3991 vobis,
942 3914 1055 3976 diutius
1067 3915 1132 3988 tuli,
