2600 4394
376 385 497 426 aranu
526 383 575 424 ιν.
606 383 690 422 cae.
719 381 753 422 v.
1033 359 1072 420 45

89 526 165 588 turba
199 523 299 587 Multis
318 529 416 584 umen
434 523 521 584 saluti
541 522 623 582 fuero
642 517 763 594 Sidonii,
783 517 832 600 qui
853 517 959 576 ¹’iutra
978 515 1073 576 blace-

89 622 178 682 donum
200 620 330 700 praesidia
357 626 446 679 erant.
508 617 552 678 Hi
578 617 680 678 urbem
705 615 822 694 quidem
849 614 924 672 iuter
948 612 1074 672 victores

88 719 258 793 intraverant3
293 715 343 774 sed
369 714 547 794 cognationis
566 733 631 774 cum
658 712 758 790 Tyriis
783 727 931 784 memores,
959 707 1074 786 (quippe

87 819 213 890 utramque
242 811 343 871 urbem
371 811 536 890 Agenorem
570 805 735 868 condidisse
767 803 934 882 credebaut)
968 801 1074 860 multos

88 907 216 984 Tyriorum
229 906 316 964 etiam
329 910 511 986 protegentes
525 903 563 962 ad
582 922 635 963 sua
653 901 812 980 perduxere
832 898 957 978 navigia,
970 895 1075 976 quibus

86 1001 209 1076 occultati,
229 999 337 1060 Sidona
360 999 471 1059 devecti
495 1005 571 1058 sunt.
613 997 784 1070 Quindecim
806 993 900 1054 millia
922 993 976 1052 hoc
996 992 1075 1051 furto

84 1097 204 1156 subducta
216 1095 336 1156 saevitiae
350 1102 426 1156 suut.
477 1093 680 1172 Quantumque
694 1091 841 1172 sanguinis
854 1091 952 1150 iusum
966 1089 1015 1164 sit,
1029 1087 1077 1148 vel

82 1211 113 1249 ex
124 1191 173 1250 hoc
184 1191 317 1251 aestimari
330 1197 435 1268 potest,
449 1189 526 1270 qndd
540 1189 616 1247 intra
627 1189 804 1248 munimenta
816 1185 906 1261 urbis,
921 1205 971 1244 sex
983 1183 1077 1244 millia

81 1293 238 1344 armatorum
251 1285 396 1344 trucidata
410 1291 485 1344 sunt.
528 1283 624 1342 Triste
638 1283 742 1341 deinde
757 1280 950 1358 spectaculum
961 1277 1077 1340 victori·

80 1381 129 1440 bus
153 1380 193 1438 ira
216 1379 341 1457 praebuit
368 1379 468 1456 Regis.
510 1377 576 1436 Duo
602 1377 703 1450 millia,
724 1375 907 1453 ”inquibus
930 1371 1078 1432 occidendi

80 1474 213 1532 defecerat
235 1473 340 1547 rabies,
363 1471 496 1532 crucibus
516 1471 601 1546 affixi,
614 1491 668 1549 per
681 1471 700 1498 ²¹
709 1471 810 1549 ingens
830 1468 936 1528 littoris
956 1467 1079 1544 spatium

77 1567 272 1645 pependerunt.
326 1565 593 1645 Carthaginensium
617 1565 723 1645 legatis
744 1563 880 1642 pepercit,
908 1562 1008 1622 addita
1034 1561 1080 1620 de·

76 1661 250 1720 nunciatione
270 1661 348 1738 belli,
370 1661 447 1741 quod
472 1661 658 1740 praesentium
683 1681 780 1720 rerum
806 1657 963 1720 necessitas
989 1677 1080 1718 mora·

74 1763 118 1816 ret
152 1802 159 1816 .

135 1854 176 1911 19.
198 1849 290 1930 Tyrus
313 1851 435 1930 septimo
458 1871 565 1928 mense,
591 1854 679 1932 quem
705 1851 867 1932 oppugnari
893 1857 985 1929 coepta
1006 1856 1079 1926 erat,

71 1951 156 2024 capta
167 1955 228 2006 est:
247 1947 319 2007 urbs
331 1954 518 2009 etvetustate
539 1948 669 2028 originis,
683 1955 713 2008 et
733 1947 833 2008 erebra
853 1948 977 2008 iomanes
989 1946 1080 2007 varic·

71 2049 131 2100 tate
144 2043 181 2101 ad
194 2044 361 2103 memoriam
373 2043 553 2122 posteritatis
566 2043 695 2123 insignis.
748 2042 874 2104 Condita
886 2043 923 2102 ab
936 2043 1080 2121 Agenore,
1158 2110 1161 2116 Ι

68 2136 124 2196 did
147 2157 234 2212 mare,
257 2157 315 2196 non
337 2137 464 2197 vicinum
488 2137 584 2211 modd,
606 2137 657 2196 sed
675 2137 873 2216 quodcumque
893 2137 998 2196 classes
1018 2138 1082 2212 ejus

68 2231 216 2304 adierunt,
239 2229 389 2290 ”ditionis
411 2249 471 2292 suae
493 2232 580 2307 fecit3
602 2238 633 2290 et
652 2231 776 2290 sifamse
794 2231 867 2292 libet
887 2227 1084 2304 credere,l1aec

66 2342 141 2404 gens
154 2323 270 2382 litteras
282 2323 376 2400 prima
389 2331 439 2382 aut
452 2323 556 2400 docuit,
570 2331 622 2384 aut
635 2323 746 2384 didicit.
789 2322 917 2384 Goloniae
930 2325 1008 2383 certe
1021 2325 1084 2400 ejus

64 2421 143 2498 pene
165 2417 235 2480 orbe
256 2424 319 2477 toto
339 2417 450 2478 diffuaae
470 2425 554 2496 sunt;
578 2417 722 2499 Carthago
738 2419 769 2478 in
788 2419 903 2493 Africa,
917 2418 947 2478 iu
967 2417 1084 2478 Boeooa

65 2513 189 2588 Thebae,
205 2511 302 2574 Gades
316 2513 353 2572 ad
365 2512 519 2575 Oceanum.
561 2513 655 2576 oredo
669 2515 788 2576 ”libero
798 2523 988 2574 commeantes
1000 2511 1082 2590 mari,

61 2609 235 2699 saepiusque
260 2608 392 2668 adeundo
415 2609 528 2670 caeteris
553 2609 714 2690 incognitas
741 2618 842 2687 terras,
862 2611 982 2691 elegisse
1001 2609 1084 2670 sedes

67 2703 234 2781 juventuti,
258 2707 316 2782 qut
338 2709 408 2762 tuno
430 2704 632 2766 abundabant:
660 2724 711 2766 seu
733 2705 802 2784 quia
826 2705 934 2766 crebris
956 2703 1085 2764 motibus

57 2807 152 2858 terrae
174 2799 256 2875 (nam
277 2797 332 2858 hoo
352 2818 463 2878 qaoque
484 2799 620 2877 maditus)
641 2800 767 2860 cultores
787 2802 849 2877 ejus
868 2799 992 2878 fatigati,
1011 2815 1086 2858 nova

57 2902 92 2952 et
108 2901 235 2951 externa
248 2892 391 2952 domicilia
404 2892 491 2953 armis
505 2894 620 2954 sibimet
638 2913 767 2972 quaerere
787 2892 967 2972 cogebantur.
1008 2891 1085 2952 Mul·

54 2989 101 3046 tis
117 2989 191 3066 ergo
207 2987 323 3046 casibus
336 2987 473 3047 defuncta
485 2996 515 3047 et
528 2996 595 3068 post
615 2988 758 3048 excidium
778 2994 886 3062 renata,
900 3007 974 3048 nunc
987 2994 1086 3048 tamen

53 3083 155 3160 longa
169 3099 244 3159 paee
258 3088 361 3141 cuncta
374 3083 527 3158 refovente,
542 3083 597 3144 sub
606 3083 702 3142 tutela
716 3083 854 3142 Romanae
860 3083 1086 3142 mausuetudinis

52 3175 242 3256 adquiescit.
531 3217 535 3228 .

124 3271 168 3330 V.
194 3273 244 3331 20.
267 3272 377 3332 Iisdem
399 3271 492 3332 ferme
516 3273 617 3333 diebus
642 3271 727 3332 Darii
753 3273 860 3334 litterae
886 3273 984 3336 allata
1011 3279 1087 3348 suut,

52 3367 211 3426 ¹tandem
224 3375 261 3426 ut
273 3368 350 3447 Regi
371 3368 495 3446 scriptae
537 3368 671 3446 Petebat,
694 3370 767 3430 “uti
785 3371 873 3430 liliam
892 3389 974 3430 snam
993 3369 1088 3444 ¹(Sta·

47 3471 140 3541 tyrae
164 3469 236 3522 erat
256 3467 369 3544 nomen)
383 3463 493 3542 nuptiis
506 3464 673 3526 Alexander
692 3466 749 3527 sibi
768 3465 944 3546 adjungeret.
986 3465 1090 3522 Dotem
1180 3514 1182 3518 .

44 3561 123 3618 fore
152 3577 275 3618 omnem
299 3560 443 3638 regionem
464 3558 538 3620 inter
564 3559 784 3639 Hellespontum
808 3567 838 3620 et
858 3559 959 3635 Halyn
979 3571 1091 3618 amnem

43 3656 161 3715 sitam.
212 3654 308 3715 'Inde
324 3654 471 3716 Orientem
492 3657 685 3734 spectantibus
700 3657 786 3716 terris
799 3659 964 3713 contentum
977 3671 1008 3712 se
1020 3653 1089 3716 iore.

43 3751 85 3810 Si
112 3751 207 3810 forte
233 3750 388 3824 dubitaret,
410 3751 486 3830 qnod
507 3753 664 3826 offerretur,
692 3751 830 3826 accipere,
851 3747 1019 3826 ‘nunquam
1039 3750 1093 3810 did

41 3844 172 3904 eodem
188 3845 320 3925 vestigio
333 3852 411 3904 stare
431 3846 586 3922 fortunam,
599 3862 768 3922 semperque
789 3839 928 3919 homines,
947 3851 1094 3924 quantam-
