2642 4386
422 389 545 434 mrsu
570 391 659 434 uris.
688 391 773 432 eir.
800 393 854 433 xi.
1093 373 1153 434 203

137 530 224 610 plere,
246 549 300 591 nee
323 537 468 592 tormonte
489 530 576 592 aliter
596 530 688 591 muris
710 529 874 610 admouere)
900 529 1014 610 puidam
1032 549 1049 590 e
1069 549 1151 592 muro

136 626 245 705 sagitte
267 625 413 706 perressit
455 626 651 689 “sumsere
663 625 697 684 in
720 643 816 686 suram
839 625 942 686 insidit
956 626 1056 700 telum,
1070 627 1151 703 eujus

135 721 247 798 spieulo
260 722 358 782 amiso
371 721 518 784 admoveri
531 741 638 801 equum
656 720 761 798 iussit:
781 741 837 800 quo
849 728 959 796 vestus,
972 741 1009 780 ne
1022 721 1150 800 obligato

135 815 254 894 quidem
275 817 400 893 vulnero,
424 816 503 876 baud
515 817 635 896 segnids
657 815 800 877 munita
819 817 1035 895 exsequebatur.
1088 815 1149 878 Oae·

136 913 233 972 terrim
246 914 313 974 erim
325 931 390 972 erus
402 913 532 973 munium
552 912 699 990 penderet,
713 919 744 971 et
755 931 856 972 eruore
874 912 983 972 sioeato
995 911 1149 990 frigeseons

135 1007 238 1066 vulnus
257 1015 427 1088 vaaret
450 1008 585 1083 dolorem,
609 1008 717 1068 dixisse
737 1008 846 1068 femur:
868 1007 906 1070 Se
925 1007 1042 1087 quidem
1062 1005 1149 1068 Jovis

133 1102 223 1161 fllium
237 1103 303 1180 diti,
326 1103 378 1163 sed
390 1103 517 1181 eorporis
538 1103 610 1182 mgri
622 1104 696 1164 vitis
718 1103 831 1164 sentire.
873 1103 942 1162 Non
962 1111 1060 1164 tamen
1079 1103 1148 1162 ante

133 1215 163 1256 se
188 1199 298 1276 recepit
324 1199 356 1258 in
382 1207 486 1272 emtis,
515 1202 603 1276 quim
633 1205 736 1256 anneta
761 1198 918 1276 prospexit,
938 1205 969 1257 et
994 1219 1061 1277 quoe
1085 1197 1149 1258 fieri

135 1293 230 1370 vellet,
245 1294 347 1353 edixit.
390 1292 480 1372 Ergo,
495 1293 570 1352 siem
593 1293 764 1370 imperatum
787 1299 858 1367 erat,
872 1293 924 1351 elii
943 1299 1028 1352 extra
1047 1293 1150 1353 urbem

132 1394 212 1446 teots
225 1387 461 1462 demoliebantur,
475 1387 674 1466 ingentemque
686 1386 746 1448 vm
759 1387 890 1447 materies
907 1387 1039 1446 faciendo
1052 1387 1151 1466 oggeri

134 1481 343 1558 demittebant,
374 1481 426 1540 elii
451 1501 621 1561 magnarum
652 1480 789 1541 arborum
822 1481 938 1560 stipites
963 1501 1030 1542 oum
1061 1481 1151 1544 ramis

133 1593 168 1634 ao
190 1575 283 1636 moles
306 1595 441 1636 saxorum
462 1577 493 1636 in
513 1595 649 1637 essemus
675 1575 855 1654 dejiciebant.
907 1577 1032 1658 Jamque
1062 1597 1152 1659 agger

133 1679 300 1750 aequaverat
322 1691 442 1733 summas
461 1672 609 1752 fastigium
629 1679 723 1732 terres.
765 1671 870 1752 Itaque
889 1679 983 1734 turres
1001 1674 1148 1754 erigeban-

135 1774 199 1826 tur:
220 1785 285 1846 quse
307 1784 394 1845 opera
419 1768 529 1847 ingenti
555 1765 684 1826 militum
710 1767 812 1828 ardore
838 1768 918 1828 intre
942 1789 1048 1830 nonum
1072 1769 1149 1831 diem

132 1859 265 1922 ataolua
288 1869 362 1922 sunt.
405 1861 455 1922 Ad
476 1881 510 1921 ea
522 1861 644 1923 visenda
664 1862 875 1937 Remnondnm
895 1864 1019 1924 obducti
1032 1864 1148 1926 vulneri

132 1955 275 2032 titanios,
288 1957 445 2034 prooessit:
467 1957 649 2035 laudatisque
669 1956 825 2032 militibus,
839 1957 985 2018 admoveri
999 1959 1148 2020 machinas

136 2051 235 2127 jussit,
258 2069 275 2108 e
300 2051 405 2129 quibus
427 2051 529 2130 ingens
548 2051 594 2110 vis
615 2051 740 2110 telorum
760 2051 792 2110 in
813 2059 1039 2130 propugnatores
1058 2055 1148 2114 effuse

131 2150 185 2203 est
225 2144 377 2222 Preeeipue
390 2145 479 2204 rudes
492 2143 598 2204 talium
611 2163 728 2221 eperum
740 2144 894 2204 terrebunt.
901 2145 1022 2206 mobiles
1034 2153 1146 2208 turres:

131 2244 284 2316 tantusque
302 2237 402 2312 mdes,
415 2238 497 2296 nulli
510 2257 573 2314 ope,
586 2257 651 2316 quas
670 2244 844 2312 eerneretur,
859 2237 1007 2314 adductos,
1020 2238 1148 2300 Deorum

130 2333 249 2392 numine
261 2333 310 2412 ogi
323 2332 485 2394 eredebant.
528 2333 596 2392 Pila
615 2351 727 2410 quoque
746 2331 879 2408 muralis,
892 2339 923 2392 et
941 2351 1077 2392 exeussus
1091 2342 1147 2394 tor·

130 2428 236 2488 mentis
258 2445 423 2508 praegraves
453 2427 559 2504 hastis,
587 2429 608 2458 ¹⁵
617 2427 762 2506 negabant
788 2429 939 2488 eonvenite
966 2429 1145 2490 mortalibus.

131 2524 240 2602 Itaque
250 2523 401 2602 desperato
413 2523 496 2584 urbis
507 2523 601 2582 tutele
614 2526 781 2582 conoessero
794 2521 826 2580 in
834 2539 935 2584 areem.
977 2523 1063 2600 Inde,
1078 2525 1147 2606 quia

130 2619 206 2678 nibil
229 2619 354 2680 obsessis
375 2625 483 2697 prester
506 2618 683 2678 deditionem
703 2617 844 2696 placebat,
867 2618 956 2698 legati
975 2620 1014 2680 ad
1034 2620 1146 2700 Regem

130 2713 347 2790 deseenderunt,
367 2715 481 2776 veniam
500 2714 630 2792 petituri.
671 2712 738 2784 oue
758 2713 924 2791 impetrate,
945 2715 1061 2793 Regina
1080 2735 1146 2776 oum

129 2827 233 2888 megno
252 2809 392 2869 nobilium
411 2809 594 2870 foeminarum
614 2827 710 2888 grege,
731 2808 828 2868 aureis
847 2808 955 2885 pateris
967 2809 1035 2868 vine
1054 2808 1145 2870 libeu-

129 2901 216 2976 tium,
228 2893 375 2978 prooessit
415 2903 486 2980 Ipm
507 2903 629 2982 genibus
653 2901 745 2980 Regis
758 2919 846 2978 parvo
866 2901 927 2960 filio
940 2901 1067 2978 admoto,
1087 2922 1145 2966 uon

129 2996 246 3058 veniam
266 2995 359 3070 modd,
375 2996 425 3055 ssd
444 2997 532 3056 etiam
552 2996 686 3074 pristinos
705 2997 832 3056 fortunas
854 2995 1021 3073 impetravit
1041 2998 1144 3062 deone:

130 3091 238 3172 quippe
251 3089 396 3169 appellata
408 3097 453 3150 est
466 3091 593 3170 Regium
615 3097 648 3150 et
666 3089 816 3150 credidere
828 3090 954 3170 quidam,
967 3092 1032 3171 plus
1044 3094 1145 3158 forma

129 3189 219 3266 quim
240 3186 420 3247 miserationi
432 3185 541 3246 dutum.
582 3186 679 3246 Puero
699 3188 814 3264 quoque
834 3187 921 3264 tertia,
935 3196 1037 3267 postea
1051 3210 1088 3252 ex
1108 3193 1144 3250 et

129 3289 285 3362 utrumque
297 3279 407 3362 genito,
422 3280 589 3342 Alexandro
602 3281 665 3340 fuit
674 3299 786 3342 nomeu

192 3377 249 3438 XI.
271 3381 317 3438 3&
339 3377 419 3438 Hine
440 3377 636 3456 Polyspereou
649 3376 688 3436 ed
699 3376 799 3438 urbem
813 3376 842 3436 N
844 3397 923 3438 orem
937 3399 1001 3438 eum
1015 3379 1145 3439 exercitu

130 3473 245 3549 missus,
267 3473 428 3534 inconditos
448 3473 606 3552 oppidanos
630 3472 729 3550 praelio
750 3472 840 3534 vieit:
870 3473 950 3533 intra
967 3472 1145 3532 munimenta

130 3569 291 3648 eompnlsos
304 3574 427 3644 seoutus,
435 3569 538 3628 urbem
551 3568 583 3627 in
595 3567 735 3628 ditionem
747 3567 869 3646 redegit
898 3566 994 3626 Multa
1006 3565 1145 3644 ignobilia

133 3665 240 3742 oppida
253 3664 369 3724 deserto
388 3683 407 3722 e.
429 3665 490 3723 suis
511 3665 662 3726 venereis
677 3667 769 3747 Regis
789 3671 972 3745 potestatem.
1015 3660 1144 3731 Quorum

133 3760 236 3820 ineolae
259 3761 373 3833 armati,
387 3767 499 3837 petram
523 3761 637 3820 Aornin
657 3765 774 3821 nomine
794 3762 1015 3835 occupaverunt.
1058 3755 1144 3820 Hune

133 3853 170 3914 sb
195 3854 323 3916 Hereule
346 3855 458 3914 frustis
482 3855 629 3915 obsessam
653 3873 726 3930 esse,
742 3862 886 3929 terraeque
907 3857 990 3910 motu
1013 3859 1144 3914 coretum
