2622 4382
435 381 559 426 arara
588 381 622 424 x.
653 383 741 426 aar.
770 383 793 424 1.
1064 363 1125 424 ato

142 517 273 564 aarum
289 518 492 572 rumpendum
504 519 613 574 Kabom
626 522 772 574 promovente,
785 533 800 564 a
813 519 1124 574 nummulum.

108 583 172 626 Unde
182 586 251 627 civille
259 586 309 626 belli
317 587 403 627 eemlna

142 652 160 692 8.
174 651 275 692 Prlmerll
291 651 356 692 dnoee
371 651 471 702 Meleagri
488 651 568 692 mnne
580 654 698 693 occurrunt
732 651 830 695 andem
845 653 924 703 autern.
938 653 996 703 pocla
1012 651 1124 700 melaena

104 715 224 758 mmnltum
232 725 358 770 componere
366 717 437 758 media
445 717 538 768 quadam
546 718 628 760 retlone
636 720 728 760 conatm.

142 781 161 824 t.
175 781 284 824 Perdimae
299 782 429 835 Meleagrum
444 786 465 824 et
479 783 636 825 trecentoefere
650 785 706 834 alica
721 785 757 836 qul
773 795 823 825 eum
838 785 906 824 eecntl
919 783 1010 834 merant,
1025 781 1073 823 dolo
1089 791 1124 832 op

18 863 24 872 =
103 847 185 898 prlmlt

141 912 173 954 1⁰.
186 911 642 966 dlemddtmperlumlnparteedtvlaum,
652 911 1124 968 culmemmadmdaonlbntal'rovtnoln

103 979 176 1018 antem
193 979 330 1030 magnetibus.
362 980 464 1022 Detnnetl
479 991 555 1032 corone
572 979 599 1022 ab
618 981 692 1022 amiota
708 983 812 1032 curatum,
829 983 852 1021 et
869 979 955 1022 tandem
971 979 1123 1020 Alexandriam

102 1041 192 1095 AEgypti
200 1045 323 1086 translatum
332 1045 370 1088 em.

162 1189 188 1249 Ι.
214 1193 238 1249 1.
261 1190 372 1250 Irennu
395 1191 457 1250 lere
486 1191 591 1252 diebus
615 1190 760 1252 Cleander
788 1198 819 1250 et
845 1190 980 1266 Sitalces,
1004 1197 1123 1250 etcum

102 1284 262 1364 Agathone
296 1285 434 1344 Heracon
468 1286 685 1362 superveniunt,
712 1285 764 1364 qui
792 1286 1014 1344 Parmenionem
1038 1288 1124 1362 jueeu

101 1379 198 1457 Regia
226 1379 411 1456 occiderant;
443 1380 587 1458 ¹quinqne
609 1379 703 1438 millia
725 1379 856 1457 peditum
883 1399 950 1438 eum
976 1379 1124 1458 equitibus

102 1473 193 1532 mille.
237 1473 297 1534 Sed
320 1481 350 1534 et
372 1481 554 1534 accusatores
577 1493 626 1534 ece
645 1475 681 1533 'e
694 1473 854 1552 provincia,
870 1475 918 1533 cni
937 1474 1124 1553 praefuerant,

104 1567 317 1647 sequebantur:
338 1587 392 1628 neo
415 1576 460 1628 tot
480 1569 617 1644 facinore,
639 1577 713 1648 quot
735 1569 921 1645 admiserant,
941 1588 1124 1648 compensare

102 1671 240 1742 poteraut
252 1664 340 1726 oaedie
356 1667 497 1744 perquam
511 1672 605 1744 gratae
619 1664 698 1744 Regi
711 1665 883 1724 ministerio.
925 1664 1040 1744 Quippe
1054 1667 1123 1724 otim

102 1763 202 1820 omnia
224 1761 344 1837 prolana
371 1761 556 1838 apoliteeent,
577 1779 614 1820 ne
643 1761 734 1822 eacrie
758 1761 881 1841 quidem
903 1761 1120 1838 abstinuerant5

101 1853 288 1935 virgineaque
308 1864 338 1915 et
361 1855 507 1936 principes
521 1857 716 1932 faeminarum,
731 1865 834 1936 etuprn
855 1876 1010 1936 perpeeeae,
1024 1875 1123 1934 corpo·

101 1969 169 2010 ram
182 1946 311 2010 ludibria
322 1951 480 2012 dedebant
521 1952 656 2012 Invisum
670 1952 865 2012 Macedonum
881 1972 986 2012 nomen
999 1952 1124 2012 aramue

102 2063 204 2106 eorum
223 2046 363 2106 aclibido
378 2046 520 2108 Barbarie
534 2047 652 2106 iecerat.
695 2047 781 2106 Inter
795 2066 894 2106 omnen
908 2054 1006 2106 nmen
1018 2047 1122 2105 emiue-

101 2139 155 2201 bat
171 2139 310 2200 Cleandri
322 2139 414 2214 furor,
429 2141 480 2219 qui
499 2141 628 2201 nobilem
641 2140 785 2220 virginem
799 2147 1023 2218 constupratam,
1038 2157 1122 2198 eervo

102 2253 160 2296 auo
182 2235 317 2312 pellicem
339 2235 470 2294 dederat.
523 2235 663 2314 Plerique
687 2235 845 2294 amicorum
868 2233 1042 2308 Alexandri,
1064 2253 1123 2292 non

103 2337 166 2390 tam
190 2330 345 2388 criminum
368 2350 435 2410 qum
458 2329 556 2408 palem
579 2330 802 2407 objiciebantur,
825 2329 1017 2404 atrocitatem,
1031 2329 1122 2408 qudm

102 2425 273 2484 memoriam
287 2426 374 2484 ooeiei
387 2445 440 2503 per
454 2443 503 2486 eoa
517 2425 729 2502 Parmenionis,
743 2424 839 2504 'quod
853 2425 975 2484 tacitum
984 2423 1123 2502 prodeeee

103 2521 164 2582 raia
176 2521 255 2599 apud
269 2521 382 2600 Regem
394 2527 521 2599 poterat,
535 2519 742 2596 intuebantur,
764 2519 827 2580 lacti
847 2519 984 2580 reoidiaee
997 2518 1071 2578 nam
1090 2518 1124 2580 in

103 2617 158 2676 ira
170 2617 330 2691 ministros,
343 2635 397 2676 nec
416 2615 507 2674 ullam
520 2616 681 2694 potentiam
700 2615 808 2676 scelere
821 2615 975 2696 quaesitam
988 2615 1123 2694 cuiquam

103 2731 169 2772 oeae
189 2711 366 2772 diuturnam.
408 2711 486 2786 Rex,
500 2712 617 2790 cognite
638 2715 735 2787 canet,
755 2711 967 2790 pronunciavit,
982 2709 1019 2770 ab
1039 2729 1121 2768 nocu-

104 2807 252 2868 eatoribue
264 2827 355 2868 unum
368 2815 399 2866 et
412 2807 443 2866 id
462 2807 622 2868 maximum
635 2807 745 2866 crimen
759 2825 823 2864 eeee
837 2805 1027 2883 praeteritum,
1041 2803 1122 2864 ‘dea-

103 2903 285 2982 perationem
309 2902 412 2962 enlutie
434 2921 517 2978 enae;
548 2921 698 2980 nunquam
722 2901 798 2960 enim
823 2900 895 2958 talia
916 2917 1046 2974 ausuros,
1070 2899 1122 2977 qui

104 2999 203 3076 ipsum
217 3017 253 3055 ex
268 2996 357 3056 India
371 2997 512 3074 sospitem
533 3003 585 3055 eut
606 3000 758 3074 optdeeeut
779 2994 897 3072 reverti,
909 3001 963 3054 ant
985 2993 1121 3056 credide

104 3099 386 3154 contraventurum.
428 3091 527 3169 Igitur
548 3091 602 3150 hoa
616 3090 734 3170 quidem
747 3091 859 3152 vinxit:
881 3110 920 3150 nc
935 3097 1031 3150 autem
1047 3090 1120 3150 mili·

105 3197 178 3264 tum,
206 3187 258 3268 qui
286 3187 408 3248 saevitiae
435 3205 536 3246 eornm
563 3186 691 3246 miniatri
718 3187 843 3261 fuerant,
871 3185 992 3246 interfici
1018 3186 1118 3264 jueeit.

106 3284 220 3344 Eodem
234 3283 283 3344 die
294 3291 443 3361 sumptum
456 3294 503 3342 eet
523 3283 698 3360 supplicium
711 3282 748 3342 de
762 3283 799 3342 iia
812 3283 925 3364 qudque
940 3283 1030 3362 'quoa
1052 3301 1117 3342 ano·

105 3386 184 3440 torae
199 3380 370 3440 defectionia
384 3379 545 3440 Persarum
559 3378 698 3440 Gruterus
711 3377 881 3438 adduxerat.

165 3480 192 3536 2.
216 3475 307 3534 Haud
320 3476 412 3535 mnltd
425 3479 496 3554 poet
510 3476 539 3535 N
541 3475 663 3535 aarohue
673 3482 705 3534 et
715 3474 905 3549 Onesioritue,
915 3491 989 3554 quoa
1003 3469 1121 3544 longina

106 3570 137 3630 in
162 3569 313 3633 Oceanum
334 3572 491 3649 procedere
511 3575 649 3650 jueeerat,
673 3571 890 3650 superveniunt.
935 3563 1122 3626 Nnuoiabant

106 3673 204 3726 autem
216 3666 351 3746 quaedam
370 3667 480 3743 andita,
494 3667 554 3726 alic
567 3674 724 3746 comperta.
772 3663 905 3724 menam
929 3658 1003 3718 ostio
1028 3657 1121 3718 amnia

106 3763 267 3840 enbjeotam
296 3781 368 3822 auro
392 3764 547 3838 abundare,
572 3765 687 3841 inopem
715 3778 854 3840 equorum
879 3774 959 3814 ease:
990 3753 1121 3834 singulos

105 3877 195 3940 eqnoa
216 3859 254 3920 ab
279 3858 326 3934 iia,
340 3858 393 3938 qni
417 3877 455 3918 ex
475 3858 637 3918 continenti
664 3855 801 3932 trajicere
824 3849 975 3927 auderent,
998 3850 1121 3929 singulis
