2520 4390
174 369 217 430 92
524 383 667 435 aursus
693 383 835 426 cuarrr

173 543 244 606 gons
267 541 382 602 vorago,
405 539 545 584 concurso
564 530 667 586 carata
691 523 872 598 torrentium,
893 521 951 582 iter
970 529 1100 601 ruperat
1150 527 1210 588 Ad

173 619 237 680 sao
263 619 397 679 arborum
422 617 498 678 rami
524 618 600 678 alius
625 618 684 678 alio
707 617 851 696 implicati
877 621 908 678 et
940 617 1136 696 coherentes,
1170 631 1207 682 ut

173 721 340 792 perpetuam
353 714 515 792 objecerant
536 733 639 792 sepem
681 713 854 791 Desperatio
871 712 964 792 igitur
984 712 1101 792 ingens,
1122 716 1204 778 aded

172 815 207 870 ut
219 809 269 869 vix
281 809 417 888 lacrymis
436 809 623 884 abstinerent,
644 808 809 872 incesserat.
860 807 1012 886 Praeciput
1027 807 1202 872 obscuritas

172 905 278 964 terrmi
309 912 381 965 erat.
443 903 522 963 Nam
548 903 644 978 edom,
671 903 697 964 si
722 921 788 983 quae
818 902 914 964 sidera
941 903 1200 982 ‘'internitebant,

171 999 330 1058 continenti
342 998 448 1058 fronde
470 1004 557 1058 tectae
577 998 695 1060 arbores
716 997 881 1076 conspicere
900 997 1101 1076 prohibebant.
1147 1001 1199 1062 Ns

171 1093 284 1152 amium
306 1091 423 1172 qnidam
445 1111 516 1154 usus
537 1099 701 1171 supererat3
731 1093 827 1171 sylvas
847 1093 995 1172 quatiente
1018 1102 1121 1170 vento,
1141 1097 1197 1174 qui

170 1187 398 1248 concutientibus
419 1187 507 1248 ramis
519 1191 658 1266 majorem
669 1191 757 1267 quam
768 1207 821 1266 pro
833 1188 906 1248 flatu
918 1206 1017 1248 sonum
1031 1187 1151 1250 edebat.

234 1287 277 1344 16.
300 1283 429 1343 {landem
455 1291 604 1362 expectata
628 1283 680 1343 lux
705 1283 809 1358 omnia,
836 1303 901 1362 quas
926 1283 1108 1344 terribiliora
1132 1305 1196 1346 nox

169 1377 285 1456 iecerat,
306 1379 418 1440 minuit
472 1379 627 1442 circumiri
650 1379 733 1442 breui
755 1378 850 1456 spatio
873 1384 987 1456 poterat
1009 1377 1137 1456 eluvies,
1164 1388 1195 1440 et

170 1475 227 1536 sibi
247 1476 368 1555 quisque
391 1475 452 1534 dux
472 1475 587 1536 itineris
605 1481 730 1552 coeperet
749 1473 818 1534 lieri
861 1474 881 1502 ²⁰
892 1473 1030 1534 Evadunt
1062 1478 1137 1554 ergd
1163 1477 1194 1536 in

169 1569 279 1628 editum
298 1570 444 1644 verticem,
456 1587 495 1627 ex
515 1587 572 1647 quo
585 1568 712 1628 hostium
737 1568 862 1628 statione
882 1572 1044 1644 conspecta,
1066 1575 1191 1632 struunt

169 1663 273 1720 armati
292 1683 310 1720 a
328 1669 409 1740 tergo
429 1679 460 1721 ss
480 1663 636 1722 ostendunt
658 1663 733 1722 nilril
756 1663 814 1722 tale
833 1662 1039 1737 metuentibus,
1062 1685 1189 1742 quorum

169 1756 263 1834 pauci,
277 1756 328 1834 qui
341 1756 475 1836 congredi
489 1757 552 1816 ausi
566 1764 655 1832 erant,
665 1758 733 1818 cessi
745 1765 821 1818 sunt.
862 1757 967 1837 Itaque
979 1757 1049 1816 binc
1063 1763 1189 1818 morien·

169 1851 242 1909 tium
265 1850 398 1930 gemitus,
420 1850 488 1910 hino
510 1851 548 1910 ad
570 1869 638 1912 suos
660 1852 870 1912 recurrentium
888 1852 1065 1912 miserabilis
1084 1855 1189 1931 facies,
1254 1859 1255 1884 ¹

169 1944 297 2024 integros
317 1964 438 2024 quoquc,
452 1953 605 2025 antequam
628 1946 783 2006 discrimen
803 1947 1016 2024 experirentur,
1028 1947 1061 2006 in
1083 1949 1188 2029 fugam

168 2041 282 2101 avertit.
323 2040 457 2100 Fremitu
478 2041 581 2100 demde
602 2041 634 2100 in
656 2049 761 2117 castra,
780 2042 862 2121 queis
887 2040 1027 2104 Craterus
1049 2054 1186 2120 praeerat,

168 2135 259 2213 illato,
284 2136 322 2195 ad
345 2137 524 2215 occupandas
548 2136 704 2216 angustias,
724 2137 754 2195 in
774 2136 878 2214 quibua
900 2135 996 2214 pridie
1020 2136 1184 2214 haesitarat,

166 2232 252 2293 miles
285 2232 427 2293 educitur.
489 2231 583 2293 Simul
615 2239 645 2290 et
678 2231 812 2292 Philotae
845 2249 911 2290 cum
943 2231 1185 2309 Polysperconte,

168 2327 352 2407 Amyntaque
373 2335 404 2387 et
426 2326 524 2403 Coeno,
539 2327 684 2388 diversum
704 2325 760 2384 iter
778 2325 892 2404 ingredi
909 2327 1007 2402 jussus
1021 2326 1114 2386 alium
1127 2337 1186 2390 ter.

167 2441 261 2480 rorem
286 2422 386 2480 intulit
412 2422 560 2481 Barbarie.
615 2421 696 2499 Ergt
722 2419 848 2498 undique
876 2419 1069 2482 Macedonum
1092 2427 1184 2486 armis

167 2513 354 2591 fulgentibus,
378 2514 496 2590 ancipiti
517 2513 594 2572 melo
618 2514 757 2590 oppressi,
781 2515 966 2575 memorabile
990 2521 1088 2576 tamen
1110 2539 1183 2595 prta·

166 2606 237 2665 lium
250 2606 346 2666 edunt
388 2606 432 2667 Ut
453 2606 562 2684 opinor,
575 2607 722 2686 ignaviam
734 2627 845 2688 quoque
865 2610 1021 2670 necessitas
1033 2611 1129 2689 acuit;
1151 2623 1182 2674 et

167 2703 245 2781 seps
259 2701 418 2781 desperatio
432 2701 493 2779 spei
514 2720 599 2760 causa
618 2708 671 2764 est.
713 2701 794 2762 Nudi
816 2703 1075 2782 complectebantur
1087 2727 1180 2768 arma·

166 2804 221 2874 tos,
236 2805 266 2858 et
288 2797 399 2879 ingenti
422 2815 573 2875 corporum
594 2796 670 2859 mole
690 2815 786 2858 secum
798 2797 836 2856 ad
855 2804 963 2858 terram
984 2799 1178 2879 detrahentes,
1252 2863 1253 2870 ,

166 2890 294 2970 ipsorum
314 2893 381 2953 telis
404 2892 552 2972 plerosque
574 2891 729 2953 fodiebant
780 2891 990 2954 Ariobarzanes
1015 2901 1110 2954 tamen
1139 2917 1177 2956 xa

165 2987 256 3044 terme
282 2988 427 3065 equitibus
453 2995 485 3046 et
508 2987 632 3066 quinque
657 2986 787 3046 millibus
812 2987 944 3064 peditum
970 2988 1106 3066 stipatus,
1126 3011 1177 3069 per

165 3080 290 3139 mediam
303 3082 392 3140 aciem
415 3081 605 3142 Macedonum
618 3101 683 3142 uum
701 3081 794 3142 multo
806 3100 922 3142 suorum
942 3090 1029 3163 atque
1050 3084 1177 3148 hostium

166 3175 303 3253 sanguine
324 3177 434 3253 erupit;
456 3176 635 3254 Persepolim
656 3176 757 3240 urbam
781 3183 866 3255 caput
887 3178 1014 3258 regionis
1037 3197 1175 3258 oocupme
1251 3219 1252 3252 ,

164 3270 313 3329 festinans
375 3269 433 3330 Sed
466 3289 484 3328 a
517 3271 687 3333 custodibus
724 3271 806 3337 urbis
839 3271 982 3348 exclusus,
1015 3277 1175 3336 consecutis
1251 3259 1252 3326 l

165 3365 282 3425 strenue
301 3364 442 3440 hostibus,
456 3383 521 3424 cum
533 3365 665 3427 omnibu
684 3367 763 3446 iuga
782 3367 935 3429 comitibus
954 3376 1092 3430 renovato
1105 3389 1175 3447 pra·

163 3459 204 3521 lio
217 3460 327 3521 cecidit.
370 3458 507 3520 Gruterus
520 3477 631 3538 quoque
643 3463 751 3539 raptim
764 3461 876 3541 agmine
888 3469 953 3524 aeto
966 3464 1141 3542 superuenit.

177 3577 182 3586 ·
223 3557 262 3617 V.
287 3559 330 3616 17.
352 3555 419 3616 Rex
439 3554 540 3614 eodem
559 3554 591 3613 in
611 3553 683 3631 loco,
704 3575 761 3636 quo
781 3557 910 3616 hostium
932 3558 1029 3636 copiae
1048 3558 1172 3636 fuderat,

163 3657 258 3710 matra
278 3650 473 3726 communiuit
515 3648 683 3729 Quanquam
705 3653 783 3712 enim
804 3652 930 3731 undiqut
953 3653 1050 3732 fugati
1076 3653 1173 3714 hostes

163 3743 313 3805 victoriam
335 3752 541 3820 concesserant,
555 3752 650 3804 tumen
670 3746 797 3824 praealta
819 3747 1038 3826 praecipitesque
1060 3749 1171 3826 ¹iossae,

161 3836 295 3918 pluribus
307 3839 378 3902 locis
390 3841 517 3918 objecta,
531 3840 706 3920 abruperant
716 3841 782 3916 iter,
795 3843 958 3921 sensimque
970 3849 1001 3902 et
1012 3843 1096 3904 caute
1109 3864 1170 3922 pro·
1249 3925 1250 3930 ἵ
