2642 4386
388 383 508 427 arana
537 383 626 425 rur.
654 383 740 428 car.
767 383 821 426 ιν.
1064 367 1119 426 185

107 541 180 598 enm,
203 521 390 584 tabernaculo
410 522 545 600 excessit,
567 529 810 602 percontatusque
834 521 905 603 quid
918 522 970 582 rei
984 521 1032 596 sit,
1046 521 1118 583 'illc

105 620 258 698 profitente
280 618 432 696 oognosoit.
483 617 585 680 Variae
606 617 674 678 hinc
697 619 886 697 cogitationes
908 619 1033 679 invicem
1060 619 1118 677 ani·

105 733 185 772 mam
210 713 325 774 diversa
350 709 507 792 agitantem
531 721 751 775 commoverant.
809 713 981 774 ”Meritum
1015 714 1118 795 ingens

105 807 137 866 in
160 815 253 868 semet
274 827 336 868 esse
359 809 505 883 credebat,
527 809 607 888 qndd
631 809 790 889 transfuga,
813 815 844 868 et
867 807 1006 888 proditor,
1027 809 1118 868 tantia

105 903 192 964 rebus
206 902 243 979 (si
256 904 389 982 vixisset)
404 905 566 982 injecturus
579 923 699 980 moram,
713 904 884 964 interiectus
898 911 982 963 esset.
1006 902 1116 965 Oontrt

105 997 215 1057 facinus
237 999 339 1077 ingens
366 999 563 1075 aversabatur,
591 1001 658 1058 edm
681 1000 793 1078 optime
819 1000 955 1059 meritum
984 999 1020 1059 de
1044 999 1112 1078 ipra

105 1095 298 1154 communium
321 1103 471 1173 parentem
498 1095 663 1170 liberorum,
685 1115 738 1172 por
764 1095 885 1154 insidias
911 1095 1115 1155 interemisset

107 1189 126 1218 ¹¹
138 1187 221 1249 Vicit
234 1197 332 1248 tamen
345 1191 470 1268 gratiam
483 1189 581 1248 meriti
595 1190 714 1249 sceleris
729 1191 878 1262 atrocitas,
894 1191 1119 1270 denunciariqne

110 1285 199 1360 jussit
211 1292 246 1343 ut
259 1285 415 1343 excederet
428 1285 543 1358 eastris,
558 1303 615 1343 neu
636 1284 762 1344 licentiae
776 1283 916 1344 Barbara
928 1285 1074 1362 exemplar
1087 1285 1118 1342 iu

106 1378 275 1439 Graecorum
288 1397 384 1437 mores
398 1385 429 1436 et
449 1377 534 1436 mitia
557 1378 673 1457 ingenia
685 1380 866 1438 transferret.
908 1377 1007 1452 Dahae,
1023 1379 1119 1457 Spita·

104 1475 198 1532 menis
221 1472 300 1532 caede
323 1474 479 1549 comperta,
508 1471 724 1550 Dfflphernem
753 1471 921 1532 defectionis
946 1475 1009 1550 ejus
1031 1473 1119 1552 parti·

105 1567 200 1644 eipem
213 1566 344 1627 vinctum
364 1566 542 1641 Alexandro,
557 1587 642 1646 seque
663 1565 781 1626 dedunt.
824 1565 881 1626 Ille
902 1567 1029 1627 maxima
1049 1587 1122 1645 prae·

106 1663 233 1722 sentium
255 1681 390 1722 curarum
411 1670 495 1740 parte
518 1661 669 1738 liberatus,
683 1663 826 1723 convertit
851 1663 978 1722 animum
1000 1663 1038 1722 ad
1058 1662 1119 1724 vin·

105 1757 243 1817 dicandas
265 1757 387 1835 injurias
410 1777 518 1833 eorum,
532 1758 639 1837 quibus
659 1777 677 1816 a
697 1757 878 1818 Praetoribus
898 1759 959 1818 suis
978 1761 1064 1819 avard
1085 1777 1119 1818 ao

105 1852 228 1931 superbd
255 1853 459 1930 imperabatur.
516 1853 606 1931 Ergd'
624 1851 841 1932 Phratapherni
869 1853 1059 1933 Hyrcaniam,
1088 1861 1119 1912 et

106 1948 226 2008 Mardos
248 1968 314 2008 cnm
337 1949 462 2027 Tapyris
486 1949 617 2024 tradidit,
640 1949 846 2029 mandavitque
869 1957 904 2008 ut
928 1951 1118 2026 Phradatem,

105 2045 153 2102 cui
175 2043 357 2118 succedebat,
372 2045 409 2104 ad
433 2063 464 2104 se
488 2045 519 2102 in
540 2045 703 2104 custodiam
723 2045 862 2103 mitteret.
904 2045 1014 2104 Arsani
1029 2045 1120 2105 Dran·

105 2157 206 2196 earnm
220 2137 365 2198 Praefeoto
376 2137 553 2198 substitutus
567 2145 612 2198 est
626 2137 774 2198 Stasanor.
804 2138 931 2196 Arsaces
945 2139 976 2196 in
991 2139 1121 2198 Mediam

105 2232 221 2309 missus,
248 2240 282 2291 ut
312 2232 464 2310 Oxydates
491 2233 559 2292 inde
586 2233 757 2292 discederet.
807 2231 978 2310 Babylonia,
1006 2240 1121 2292 mortno

108 2327 231 2402 Maaaeo,
248 2327 380 2388 Stameni
393 2327 525 2404 subjecta
538 2333 591 2386 est.

166 2421 224 2482 IV.
251 2426 294 2481 14.
317 2422 376 2482 His
398 2422 574 2500 compositis,
589 2421 678 2481 tertio
699 2440 797 2481 mense
818 2441 855 2480 ex
874 2421 1011 2500 hybernis
1030 2422 1123 2482 movit

107 2519 277 2593 exercitum,
291 2518 448 2596 regionem,
463 2537 529 2597 quae
549 2517 667 2579 Gabana
686 2516 860 2596 appellatur,
875 2517 1015 2577 aditurus.
1058 2516 1121 2578 Pri·

106 2633 172 2674 mns
182 2613 245 2674 dies
258 2614 390 2693 quietum
403 2613 461 2673 iter
473 2613 615 2692 praebuit:
635 2613 785 2691 proximus
806 2613 842 2689 ei,
863 2613 990 2674 noudum
1003 2613 1122 2694 quidem

106 2709 283 2787 procellosus
310 2717 341 2768 et
367 2709 472 2784 tristis,
500 2708 649 2770 obscurior
675 2716 774 2768 tamen
807 2709 940 2788 pristino,
967 2728 1026 2768 non
1060 2710 1122 2768 sine

107 2805 195 2864 minis
216 2805 371 2864 crescentis
391 2805 462 2864 mali
483 2805 632 2883 praeteriit
676 2804 777 2864 Tertio
798 2805 835 2865 ab
857 2805 935 2863 omni
958 2811 1042 2881 parte
1056 2803 1123 2863 coeli

107 2901 233 2960 emicare
247 2900 373 2975 fulgura,
388 2907 418 2958 et
431 2919 508 2959 nunc
531 2899 720 2958 internitente
742 2899 815 2973 lnce,
829 2917 905 2957 nuno
920 2899 1045 2976 condita,
1065 2917 1123 2958 non

107 2993 210 3052 oculos
233 2992 320 3052 modo
344 2993 468 3052 meantis
490 2995 649 3068 exercitiis,
670 2993 834 3068 sedetiam
858 2992 969 3052 animos
993 2995 1123 3054 ¹terrere

108 3094 267 3167 coeperunt
311 3087 387 3146 Erat
407 3087 497 3165 propi
521 3089 675 3147 continuus
697 3086 763 3146 coeli
775 3088 882 3165 fragor,
897 3095 927 3147 et
947 3091 1057 3167 passim
1079 3109 1123 3148 oa·

109 3185 240 3244 dentium
271 3183 427 3242 fulminum
457 3183 566 3261 species
593 3183 760 3244 visebatur:
789 3183 978 3264 attonitisque
1005 3185 1124 3246 auribus

110 3288 231 3358 stupens
255 3297 365 3361 agmen,
390 3297 443 3338 nec
465 3279 611 3358 progredi,
626 3297 678 3338 neo
700 3278 848 3338 considere
871 3280 1004 3342 audebat.
1047 3281 1124 3340 Tum

110 3376 229 3452 repente
252 3374 353 3448 iruber,
367 3374 539 3453 grandinem
560 3373 711 3448 incutiens,
737 3374 875 3434 torrentis
897 3375 983 3436 modo
1004 3371 1124 3434 effundi·

111 3474 167 3526 tur.
211 3468 257 3526 Ao
281 3468 512 3548 primoquidem
536 3468 623 3528 armis
647 3469 707 3528 suis
728 3469 799 3529 tecti
819 3471 1022 3547 ’exceperant
1064 3463 1124 3526 Sed

119 3563 180 3638 jam
201 3580 255 3621 neo
268 3562 393 3621 retinere
415 3583 496 3622 arma
517 3562 637 3624 lubricae
657 3571 687 3622 et
707 3564 835 3643 rigentes
856 3581 959 3622 manus
980 3565 1123 3637 poterant,

113 3654 183 3716 'neo
205 3657 262 3736 ipsi
282 3657 427 3716 destinare
451 3659 481 3717 in
502 3677 590 3738 quam
609 3659 756 3738 regionem
784 3659 969 3718 obverterent
996 3670 1124 3730 corpora,

115 3754 176 3810 edm
198 3751 328 3831 undique
352 3753 535 3829 tempestatis
561 3753 701 3813 violentia
724 3754 826 3828 major,
853 3751 941 3827 qnam
967 3745 1124 3824 vitabatur,

116 3854 285 3908 occumeret
329 3847 412 3925 Ergo
436 3847 585 3910 ordinibus
606 3847 720 3921 scintis,
734 3865 787 3924 per
808 3850 904 3904 totum
924 3841 1032 3906 saltam
1051 3863 1126 3906 erra·
