2642 4386
422 390 546 436 arura
566 391 660 436 sur.
688 393 776 438 err.
802 393 889 436 xrv.
1102 379 1161 440 21³

146 531 287 610 petebant
299 530 464 594 belluarum
476 551 589 593 manus.
631 531 696 594 Nee
714 533 875 614 quidquam
894 533 1088 614 inexpertum,
1103 555 1161 596 non

142 626 279 688 ¹⁸·mertis
291 627 387 702 mcdd,
401 627 453 687 sed
468 627 557 688 etiam
580 629 611 688 in
635 628 700 707 ipse
713 636 817 705 morte,
831 629 901 690 novi
922 629 1059 708 supplicii
1072 631 1161 693 timor

142 723 305 784 omittebat
331 723 428 802 ,Ergd
451 722 600 801 elephanti
620 723 791 784 vulneribus
813 723 931 784 tandem
954 725 1071 803 fatigati
1091 745 1160 788 sues

142 818 257 896 impetn
271 824 412 893 eternum,
427 825 459 879 et
471 818 523 898 qui
543 825 681 878 rexerant
694 837 754 894 ecs,
767 819 945 898 praecipitati
958 819 989 880 in
1001 826 1109 882 terram
1122 821 1160 884 ab

142 913 215 992 ipsis
241 913 456 983 obterebantur.
512 913 620 993 Itaque
646 933 783 992 pecorum
809 913 907 988 modo,
934 915 1026 993 magis
1060 915 1160 994 pavidi

140 1009 230 1087 quam
243 1007 352 1083 infesti,
366 1007 448 1068 ultra
461 1008 552 1068 aciem
573 1009 774 1088 exigebantur,
790 1011 858 1068 cdm
879 1009 984 1085 Porus,
999 1011 1159 1072 destitutus

140 1123 159 1162 a
171 1103 312 1181 pluribus,
328 1104 389 1164 tela
400 1103 493 1164 multd
515 1103 582 1164 aute
604 1112 772 1182 praeparata,
786 1105 818 1164 iu
837 1105 1037 1182 circumfusos,
1052 1127 1089 1168 ex
1103 1107 1158 1168 ele·

139 1199 247 1276 phantc
257 1218 310 1258 suc
324 1199 412 1276 acepit
425 1199 565 1276 ingerere,
579 1198 738 1278 multisque
752 1199 863 1260 eminis
877 1199 1051 1276 vulneratis,
1072 1221 1156 1280 expe·

140 1293 215 1352 situs
240 1295 303 1372 ipse
324 1293 362 1352 ad
384 1293 462 1352 ictus
476 1292 604 1372 undique
625 1293 789 1370 petebatur.
833 1293 945 1352 Novem
964 1297 1025 1371 jam
1039 1297 1159 1358 vulnera

139 1388 208 1446 hinc
222 1395 315 1466 tergo,
330 1387 414 1446 illinc
437 1394 555 1465 pectere
577 1395 749 1464 exceperat:
770 1387 921 1466 multoque
942 1391 1082 1467 sanguine
1095 1411 1159 1468 pro·

140 1483 217 1558 fuso,
240 1481 386 1560 languidis
407 1482 540 1542 manibus
563 1482 581 1510 ¹⁷
591 1482 684 1559 magis
705 1481 812 1560 elapsa,
837 1484 925 1562 quem
952 1502 1074 1543 excussa
1100 1485 1159 1546 tela

141 1577 288 1637 mittebat.
331 1576 360 1636 N
362 1595 395 1636 ec
409 1577 530 1656 segnids
544 1576 642 1636 bellua
652 1577 790 1635 instincta
803 1577 894 1652 rabie,
909 1578 1037 1637 nendum
1051 1581 1158 1658 saucia,

141 1673 333 1734 invehebatur
365 1667 525 1748 crdiuibus,
554 1671 644 1732 donec
678 1679 775 1731 rector
808 1673 914 1733 belluae
947 1673 1059 1754 Regem
1092 1696 1157 1738 ccu-

140 1768 236 1846 spexit
250 1767 437 1829 ¹⁸lluentibus
459 1768 607 1842 membris,
622 1767 794 1846 omissisque
816 1768 904 1828 armis
925 1769 976 1830 vix
996 1779 1158 1850 compotem

80 1865 105 1886 ²
139 1864 253 1924 mentis.
283 1863 360 1922 Tum
374 1863 502 1925 belluam
515 1864 547 1922 iu
560 1864 660 1943 fugam
674 1863 807 1938 concitat,
823 1871 962 1944 sequente
977 1865 1155 1928 Alexandro.

138 1957 199 2020 Sed
213 1979 303 2038 equus
329 1961 392 2036 ejus
406 1958 509 2018 multis
522 1958 693 2018 vulneribus
715 1960 866 2018 confessus
889 1959 1081 2041 deficiensque
1093 1982 1156 2042 pre

137 2053 251 2128 cubuit,
266 2055 285 2082 ¹⁹
295 2055 390 2131 pcsitc
398 2054 492 2134 magis
506 2053 597 2132 Rege,
608 2055 698 2132 qudm
713 2054 812 2114 effuso.
848 2053 953 2133 Itaque
968 2055 1038 2114 dum
1052 2077 1158 2136 equum

138 2156 244 2224 mutat,
259 2149 376 2208 tardids
389 2149 538 2207 insecutus
552 2155 605 2207 est.

202 2249 248 2304 49.
271 2245 396 2304 Interim
408 2229 501 2304 frater
516 2243 630 2302 Taxilis
651 2243 743 2324 Regis
766 2243 918 2320 Indorum,
933 2245 1100 2323 premissus
1120 2247 1157 2310 ab

138 2341 321 2416 Alexandro,
342 2359 459 2400 monere
484 2340 571 2418 acepit
593 2339 712 2414 Porum,
726 2359 764 2398 ne
787 2339 893 2398 ultima
916 2341 1043 2420 experiri
1063 2362 1157 2422 perse·

136 2444 264 2512 vereret,
279 2437 456 2516 dederetque
478 2455 509 2496 se
527 2435 639 2496 victuri.
658 2501 664 2509 1
681 2435 726 2494 At
746 2423 806 2510 ille,
821 2437 987 2516 quanquam
1007 2437 1158 2500 exhauste

137 2540 223 2593 erant
246 2533 324 2592 vires
349 2531 558 2612 deficiebatque
585 2531 712 2609 sanguis,
741 2538 839 2590 tamen
866 2531 903 2590 ad
930 2545 1030 2592 notam
1057 2553 1158 2594 vocem

138 2630 293 2703 excitatus,
309 2632 327 2662 “
337 2629 502 2708 Agnoscat
517 2627 622 2706 inquit,
638 2626 779 2686 “Taxilis
792 2627 923 2703 fratrem,
937 2628 1051 2706 imperii
1064 2629 1156 2708 regui·

137 2743 195 2804 que
210 2725 256 2783 sui
269 2724 442 2801 proditoris;
455 2724 472 2756 '²
494 2731 524 2782 et
543 2722 644 2799 telum,
663 2723 742 2802 quod
761 2743 852 2782 unum
872 2723 951 2782 forte
971 2741 1030 2781 non
1043 2724 1158 2782 effluxe-

137 2827 194 2893 rat,
218 2819 360 2878 contorsit
381 2819 412 2878 in
432 2839 516 2896 eum,
537 2817 616 2898 quod
638 2837 690 2896 per
714 2817 845 2876 medium
868 2824 973 2894 peetus
993 2819 1158 2894 penetravit

138 2915 179 2974 ad
203 2921 337 2992 tergum
369 2913 435 2972 Hoc
457 2913 561 2972 ultime
582 2913 701 2972 virtutis
721 2931 807 2990 opere
828 2911 918 2989 edito,
938 2912 1039 2991 fugere
1059 2913 1157 2974 acrids

138 3009 235 3087 caepit.
279 3007 338 3067 Sed
352 3007 524 3085 elephantus
537 3027 661 3088 quoque,
675 3007 727 3086 qui
741 3005 834 3066 multa
854 3013 1009 3086 exceperat
1029 3008 1096 3086 tela,
1110 3007 1157 3068 de·

137 3103 263 3164 liciebat
307 3101 415 3182 Itaque
429 3101 511 3160 sistit
533 3101 642 3180 fugam,
656 3099 841 3180 peditemque
863 3103 996 3182 sequenti
1017 3103 1095 3164 hosti
1109 3103 1157 3164 ob

144 3201 234 3279 jecit‘
281 3199 352 3258 Jam
374 3197 545 3258 Alexander
569 3205 741 3257 consecutus
761 3204 833 3272 erat,
855 3204 885 3257 et
903 3199 1064 3278 pertinacia
1085 3198 1158 3258 Pori
1236 3186 1241 3197 ¹

140 3295 266 3372 cognita,
297 3293 416 3355 vetabat
438 3293 644 3354 resistentibus
670 3293 758 3372 parci.
815 3293 895 3373 Ergd
922 3293 1051 3374 undique
1078 3299 1108 3350 et
1127 3291 1158 3352 in

140 3390 254 3470 pedites
269 3396 300 3448 et
313 3390 344 3448 in
357 3389 454 3468 ipsum
477 3389 589 3448 Porum
612 3388 674 3448 tela
693 3395 830 3468 congesta
850 3395 928 3464 sunt,
942 3389 1025 3468 queis
1039 3385 1158 3445 tandem
1257 3461 1269 3480 Ι

140 3491 288 3565 gravatus,
303 3484 364 3545 labi
385 3504 422 3544 ex
441 3483 541 3546 bellua
555 3484 650 3562 coepit.
694 3483 798 3560 Indus,
813 3484 864 3564 qui
878 3483 1064 3560 elephantum
1077 3497 1157 3556 rege·

141 3581 198 3659 bat,
212 3579 388 3640 descendere
402 3600 468 3640 eum
482 3587 573 3656 ratus,
582 3599 663 3640 more
677 3580 763 3640 solito
774 3578 956 3656 elephantum
969 3571 1158 3652 procumbere

33 3701 43 3716 ·
146 3677 237 3754 jussit
250 3676 281 3734 iu
295 3695 407 3756 genua:
428 3677 479 3756 qui
492 3684 527 3735 ut
547 3696 578 3736 se
599 3676 744 3752 submisit,
757 3672 857 3732 caeteri
875 3688 990 3749 quoquc
1012 3667 1067 3746 (ita
1081 3669 1157 3729 eninr

141 3772 270 3832 instituti
284 3775 378 3852 erant)
394 3772 538 3832 demisere
552 3791 672 3850 corpora
685 3771 716 3829 iu
730 3777 845 3828 terram.
890 3764 935 3825 lla
948 3783 995 3824 res
1009 3763 1158 3826 etPerum

141 3873 170 3926 et
183 3875 304 3928 caeteros
317 3867 479 3928 victoribus
493 3865 625 3926 tradidit.
