2600 4394
403 419 526 460 arene
551 419 605 460 ιν.
635 419 722 460 cer.
754 421 797 460 ιι.
1069 403 1108 462 37

97 561 203 622 buntur.
247 559 304 621 Sed
316 559 425 619 leviora
437 557 515 618 inter
533 557 601 617 illos
613 557 697 616 fuere
710 556 896 618 dimrimina:
917 557 937 588 ⁰
945 575 1036 618 unum
1048 575 1107 618 cer·

97 663 197 730 tamem
212 675 247 713 ex
260 673 316 734 qno
329 661 431 714 caetera
444 653 616 731 pendebant,
631 653 761 711 intuente
773 653 899 712 fortuni.

154 751 197 810 ΙΙ.
221 753 246 810 7.
274 750 343 810 Jam
370 755 433 808 tcta
460 749 554 828 Syria,
581 751 643 825 jam
669 749 806 807 Phoenice
831 767 952 826 qnoque,
986 749 1107 824 excepta

100 845 180 924 Pyro,
196 843 384 904 Macedonum
406 850 486 903 erat:
507 843 686 921 habebatque
708 843 775 902 Rex
788 851 883 902 castra
895 843 926 901 in
940 842 1105 918 continenti,

98 959 177 1020 aquo
191 941 292 1000 urbem
306 947 458 1019 angustum
477 940 586 998 fretum
609 939 728 999 dirimit.
770 939 867 1017 Tyrus
880 947 910 998 et
922 939 1056 998 claritate
1076 947 1107 998 et

95 1037 286 1118 magnitudine
314 1043 381 1095 ente
410 1053 507 1096 omnes
539 1035 624 1107 urbes
652 1035 745 1113 Syriae
772 1035 978 1116 Phoenicesque
1003 1023 1120 1096 memc'

95 1133 200 1208 rabilis,
210 1132 328 1191 facilins
339 1131 504 1191 societatem
515 1131 678 1190 Alexandri
688 1138 837 1208 acceptura
846 1129 1008 1208 videbatur,
1016 1135 1105 1211 quim

94 1229 249 1307 imperium
291 1226 434 1288 Coronam
456 1225 546 1306 igitur
566 1245 682 1284 auream
703 1227 795 1304 legati
815 1227 919 1286 donum
940 1228 1104 1304 afferebant,

94 1330 321 1400 commeatusque
347 1321 428 1399 largi
455 1327 486 1378 et
511 1319 696 1396 hospitaliter
722 1339 760 1379 ex
787 1322 891 1398 oppido
920 1322 1104 1383 advexerant

94 1417 149 1474 Ille
171 1415 255 1490 dona,
268 1421 302 1472 ut
325 1415 361 1473 ab
383 1413 493 1488 amicis,
507 1413 596 1489 accipi
614 1414 711 1489 jussit,
726 1413 902 1494 benigneque
913 1415 1024 1494 legatos
1037 1417 1106 1476 allo·

94 1517 185 1583 cutus,
200 1509 331 1583 Herculi,
345 1527 429 1586 quem
451 1508 594 1585 praecipue
610 1508 692 1585 Tyrii
712 1508 847 1584 colerent,
862 1510 1020 1570 sacrificare
1032 1511 1106 1570 velle

93 1625 124 1664 se
146 1603 240 1663 dixit:
263 1603 454 1662 Macedonum
474 1604 570 1682 Reges
582 1603 698 1662 credere
720 1603 758 1663 ab
776 1603 828 1662 illc
842 1603 905 1664 Deo
920 1605 996 1682 ipsos
1015 1625 1106 1686 genus

90 1680 211 1758 ducere:
233 1718 264 1758 se
285 1701 361 1774 rard,
381 1705 416 1757 ut
436 1698 468 1757 id
487 1699 601 1772 faceret,
625 1699 713 1757 etiam
732 1699 846 1758 oraculo
859 1701 1008 1762 monitum
1050 1701 1104 1760 Le-

89 1796 151 1874 gati
172 1793 353 1872 respondent,
376 1813 439 1852 ease
462 1795 600 1872 templum
624 1793 761 1852 Herculis
786 1802 869 1854 extra
889 1795 1001 1872 urbem,
1016 1796 1047 1855 in
1068 1801 1104 1856 et

89 1889 157 1948 rede
178 1909 264 1968 quam
288 1889 453 1968 Palaetyron
475 1889 531 1966 ipsi
550 1896 672 1949 vocant:
701 1889 750 1950 Ibi
772 1889 885 1970 Regem
907 1890 970 1950 Dec
991 1909 1105 1950 sacrum

89 1985 148 2043 rite
175 1985 326 2042 lucturum.
369 1983 436 2042 Non
457 1984 551 2042 tenuit
574 1985 648 2042 iram
670 1985 848 2060 Alexander,
871 1987 955 2064 cujus
978 1985 1105 2065 alioquin

88 2081 210 2157 ¹potens
223 2097 282 2137 non
296 2086 366 2138 erat.
407 2077 540 2157 ’Itaque
562 2079 656 2138 “Vos
679 2081 824 2158 quidem,”
847 2081 950 2159 inquit,
972 2085 989 2116 “
1000 2081 1104 2140 fiducia

86 2175 157 2248 loci,
170 2173 247 2251 qudd
270 2173 395 2231 insulam
417 2173 556 2246 incolitis,
569 2174 735 2249 pedestrem
753 2175 830 2232 hunc
849 2175 1006 2234 exercitum
1028 2193 1104 2252 sper·

85 2269 179 2327 nitio:
202 2268 252 2326 sed
274 2267 356 2327 brevi
377 2267 535 2342 ostendam,
559 2269 590 2325 in
613 2269 772 2327 continenti
791 2289 844 2342 vce
864 2288 934 2330 esse.
976 2269 1104 2330 Proinde

86 2363 193 2423 sciatis
216 2362 294 2438 licet,
319 2370 370 2420 ant
393 2361 566 2420 intraturum
585 2381 632 2420 me
651 2362 761 2438 urbem,
776 2371 827 2422 ant
847 2367 1104 2444 oppugnaturum.”

86 2458 165 2520 (lum
177 2457 231 2516 hoc
245 2477 380 2536 responso
395 2457 529 2516 dimissos
542 2477 656 2517 monere
669 2459 754 2518 amici
767 2466 921 2538 coeperunt,
936 2468 969 2519 ut
982 2461 1103 2540 Regem,

80 2574 173 2634 quem
201 2554 296 2632 Syria,
323 2573 406 2633 quem
433 2553 571 2613 Phoenice
598 2554 760 2632 recepisset,
788 2556 843 2634 ipsi
871 2575 983 2636 quoque
1002 2558 1102 2618 urbem
1116 2599 1131 2614 .

81 2652 197 2709 intrare
210 2656 383 2727 paterentur.
426 2648 469 2707 Ar
483 2649 537 2724 illi,
550 2649 612 2708 lcco
627 2650 697 2708 satis
706 2651 761 2726 fisi,
776 2651 953 2712 obsidionem
966 2653 1043 2712 ferre
1057 2653 1103 2712 de·

79 2751 244 2804 creverunt.

149 2843 175 2899 8.
198 2838 329 2917 Namque
352 2837 452 2898 urbem
465 2857 483 2896 a
496 2839 654 2899 continenti
667 2847 792 2918 quatuor
815 2840 974 2900 stadiorum
994 2841 1101 2902 fretum

79 2933 204 3008 dividit,
231 2934 332 2993 Africo
355 2934 480 2992 maximi
504 2933 657 3010 objectum,
678 2935 793 2995 crebros
813 2955 849 2993 ex
868 2935 930 2995 alto
949 2938 1052 2998 fluctus
1073 2938 1102 2998 in

78 3029 174 3088 littus
188 3028 343 3102 ²volventi,
364 3047 416 3087 neo
439 3028 625 3105 ⁴cccipiendc
639 3029 728 3105 operi,
743 3049 797 3108 quc
820 3031 992 3092 Macedones
1012 3035 1101 3092 conti·

77 3124 171 3182 nenti
193 3123 317 3182 insulam
335 3125 455 3202 jungere
475 3123 625 3198 parabant,
645 3123 800 3203 quidquam
821 3125 923 3205 magis,
943 3129 1030 3206 quim
1052 3129 1102 3188 ille

76 3225 201 3294 ventus,
224 3218 365 3278 obstabat.
409 3216 522 3295 Quippe
537 3219 587 3278 vix
599 3219 657 3277 leni
680 3217 711 3278 ct
731 3221 886 3300 tranquillo
907 3223 990 3298 mari,
1011 3224 1102 3282 moles

76 3312 136 3390 agi
164 3320 301 3390 possunt:
334 3312 455 3371 Africus
483 3313 552 3372 verb
581 3313 675 3390 prima
701 3333 820 3395 qumque
846 3325 989 3396 congestu,
1016 3317 1102 3394 pulsu

72 3407 175 3482 illisa,
201 3408 274 3466 mari
301 3407 432 3468 subruit:
462 3427 515 3466 nec
534 3407 596 3468 ulla
622 3416 681 3468 tam
706 3411 788 3470 firma
814 3411 904 3471 moles
931 3419 984 3484 est,
1011 3411 1099 3488 quim

71 3521 144 3562 non
160 3502 305 3561 ‘exedant
328 3503 424 3578 undae,
438 3509 469 3561 et
490 3522 542 3580 per
554 3523 644 3563 nexus
668 3523 785 3584 operum
807 3512 965 3578 manantes,
990 3511 1029 3577 et,
1050 3503 1102 3566 ubi

70 3596 182 3657 acrior
194 3597 279 3657 flatus
293 3597 415 3674 exstitit,
428 3599 531 3657 summi
545 3599 639 3677 operis
648 3599 768 3680 fastigio
782 3600 946 3677 superfusae.
988 3597 1101 3658 Praeter

65 3695 161 3753 hanc
187 3691 394 3768 difficultatem,
421 3693 499 3752 haud
525 3695 618 3754 minor
641 3695 700 3754 alia
723 3701 803 3754 erat:
834 3685 931 3751 mrirce
953 3697 1101 3773 turresque

66 3788 168 3848 urbis
180 3787 331 3866 praealtum
343 3807 422 3847 mare
435 3789 585 3850 ambiebat
617 3789 705 3848 'Non
714 3794 867 3860 tormenta,
881 3785 936 3846 nisi
951 3806 966 3846 e
979 3790 1100 3850 navibus

62 3881 187 3964 procul
200 3901 328 3958 excussa,
342 3883 432 3958 mitti,
454 3903 512 3942 non
533 3883 618 3944 scelae
637 3881 779 3951 moenibus
799 3879 937 3960 applicari
957 3889 1098 3962 poterant
