2642 4386
165 367 224 428 208
515 383 656 435 oururr
684 384 826 426 curru

164 533 195 585 et
218 525 249 584 in
272 523 365 602 primo
387 522 488 583 finium
511 543 630 583 snorum
654 523 737 582 aditu
761 527 927 582 occurreret
950 519 1036 598 Regi.
1085 517 1186 580 Porus

165 621 293 678 alterurn
307 640 345 679 ex
358 619 405 679 his
418 620 563 680 facturum
585 639 649 679 sese
671 619 831 697 respondit,
847 619 900 676 ¹ut
922 616 1044 675 intranti
1059 635 1184 694 regnum

164 733 247 774 suum
262 716 370 794 praesto
385 722 470 790 esset,
486 715 537 775 sed
551 721 690 773 armatus.
733 713 757 773 J
758 733 804 774 arn
825 711 998 790 Hydaspem
1011 710 1186 770 Alexander

164 829 302 889 superare
316 811 491 886 decreverat,
507 812 576 870 cuim
596 811 794 869 ¹Barzaentes
816 807 989 868 defectionis
1011 805 1186 866 Arachosiis

164 913 275 982 auctor,
285 906 409 983 vinctus,
420 906 599 986 trigintaque
613 905 759 984 elephanti
773 904 861 963 simul
871 903 949 981 capti
963 901 1183 980 perducuntur;

165 1009 358 1078 opportunum
382 1000 523 1060 adversus
545 999 637 1060 Indos
651 999 802 1074 auxilium,
824 997 1007 1078 quippeplus
1022 997 1052 1055 in
1076 996 1186 1057 belluis

164 1097 253 1174 quam
267 1096 297 1154 in
311 1096 440 1154 exercitu
454 1095 517 1174 spei
530 1115 563 1155 ao
577 1095 685 1156 virium
699 1093 758 1154 illis
773 1101 845 1153 erat.
888 1093 1094 1172 Gamaxusque
1110 1093 1184 1151 Rex

165 1191 280 1270 exiguae
293 1191 385 1269 partis
399 1191 552 1267 Indorum,
566 1192 617 1271 qui
638 1191 793 1250 Barzaenti
808 1210 839 1250 se
853 1192 1052 1268 conjunxerat,
1066 1188 1185 1247 vinctus

166 1286 311 1346 adductus
325 1295 378 1346 est.
434 1287 531 1368 Igitur
551 1289 704 1366 transfuga
719 1293 749 1345 et
773 1286 874 1365 regulo
890 1286 920 1344 in
941 1283 1113 1359 custodiam,
1129 1283 1185 1342 ele·

165 1383 284 1462 plantis
298 1391 396 1444 sutem
410 1383 509 1443 Taxili
522 1383 649 1458 traditis,
666 1381 702 1441 ad
717 1403 830 1441 amnem
845 1380 1017 1460 Hydaspem
1032 1379 1185 1458 pervenit:

166 1479 198 1538 in
222 1481 306 1556 eujus
330 1479 470 1540 ulteriore
492 1480 557 1558 ripa
583 1479 679 1538 Porus
705 1478 882 1551 consederat,
907 1476 1035 1535 transitu
1058 1473 1185 1555 prohibi·

167 1579 252 1634 turus
271 1573 392 1633 hostem.
437 1573 597 1653 Octoginta
618 1575 745 1652 quinque
769 1573 938 1650 elephantos
963 1570 1110 1648 objecerat
1137 1590 1186 1629 ex·

167 1668 237 1728 imio
252 1688 404 1746 corporum
418 1669 537 1746 robore;
559 1669 694 1748 ultraque
710 1688 768 1743 eos,
783 1687 885 1728 currus
899 1673 1044 1726 trecentos
1058 1673 1089 1725 et
1102 1665 1183 1744 pedi·

168 1768 231 1822 tum
246 1763 369 1840 triginta
387 1763 449 1822 ferd
472 1763 584 1823 millia:
606 1765 636 1822 in
650 1764 732 1842 queis
747 1771 830 1823 erant
851 1762 997 1843 sagittarii
1012 1761 1100 1838 (siout
1114 1759 1185 1820 antd

168 1855 350 1937 dictumest)
373 1857 574 1937 'gravioribus
595 1858 673 1934 telis,
688 1860 777 1939 qudm
798 1866 834 1916 ut
859 1856 927 1937 apti
943 1857 1042 1916 excuti
1054 1863 1183 1935 possent

169 1952 271 2030 Ipsum
291 1951 417 2013 vehebat
441 1952 614 2032 elephantus
640 1973 729 2032 super
754 1960 875 2013 caeteras
898 1952 1011 2014 belluas
1036 1952 1185 2011 eminens:

168 2067 305 2128 armaque
327 2067 398 2108 suro
413 2056 443 2108 et
456 2055 576 2131 argento
600 2050 739 2109 distincta
762 2069 866 2128 corpus
887 2069 961 2108 rsrae
975 2047 1186 2128 magnitudinis

168 2145 370 2206 honestabunt.
413 2143 473 2204 Par
498 2145 611 2204 enimus
633 2145 731 2206 robori
755 2145 893 2223 corporis,
915 2151 953 2220 et,
974 2151 1084 2224 quanta
1108 2143 1187 2202 inter

169 2241 259 2301 rudes
272 2249 389 2320 poterat
403 2261 475 2316 esse,
490 2242 642 2320 sapientia.

230 2340 277 2397 43.
300 2337 476 2396 Macedonas
489 2357 548 2396 non
568 2345 738 2416 conspectus
763 2335 891 2396 hostium
911 2335 1017 2410 solnm,
1033 2335 1186 2396 sedetiam

169 2431 303 2507 fluminis,
317 2431 395 2510 quod
417 2432 625 2491 transeundum
648 2439 720 2507 erat,
735 2431 905 2510 magnitudo
926 2431 1065 2490 terrebat.
1110 2428 1185 2502 Qua·

170 2532 238 2584 tuor
261 2525 292 2584 in
313 2525 498 2585 latitudinem
523 2527 618 2586 stadia
640 2527 777 2586 diffusum
800 2527 946 2606 profundo
971 2527 1054 2586 alveo
1069 2534 1099 2585 et
1119 2547 1185 2586 nus·

169 2641 255 2700 quam
270 2620 345 2680 vada
365 2621 521 2698 aperiente,
536 2622 660 2699 speciem
673 2624 751 2682 vasti
764 2624 854 2682 maris
867 2623 984 2682 iecerat.
1027 2623 1112 2682 ⁴Neo
1132 2643 1205 2702 pro,

171 2719 265 2797 spatio
292 2735 431 2797 aquarum
458 2717 519 2776 latd
542 2718 740 2796 stagnantium
767 2717 908 2797 impetum
933 2719 1102 2796 coercebat,
1133 2719 1186 2779 sed

170 2813 255 2894 quasi
268 2814 299 2872 in
313 2821 423 2872 arctum
438 2811 609 2872 coeuntibus
622 2813 704 2891 ripis,
720 2821 842 2890 torrens,
857 2821 888 2872 et
908 2812 1000 2873 elisus
1018 2814 1184 2874 ferebatur:

172 2910 343 2988 occultaque
358 2928 429 2969 saxa
452 2909 547 2968 inesse
569 2907 761 2968 ostendebant
785 2909 918 2988 pluribus
939 2909 1012 2968 locis
1034 2910 1121 2970 undae
1143 2930 1185 2970 re·

170 3023 321 3081 percussae.
383 3005 555 3065 Terribilior
577 3013 641 3064 erat
664 3005 753 3064 facies
775 3006 855 3084 ripae,
869 3025 957 3085 quam
982 3005 1050 3084 equi
1073 3005 1186 3084 virique

171 3098 394 3176 compleverant.
437 3099 563 3160 Stabant
584 3101 716 3180 ingentes
740 3109 888 3161 vastorum
912 3119 1065 3178 corporum
1085 3099 1186 3178 moles,

120 3235 133 3248 a
172 3199 202 3252 et
224 3193 260 3252 de
280 3193 426 3252 industris
445 3195 578 3270 irritatas,
594 3195 738 3256 horrendo
764 3197 889 3256 stridore
913 3215 999 3255 aures
1013 3195 1183 3276 fatigabant.

174 3289 252 3350 Hinc
275 3289 378 3362 hostis,
393 3287 461 3347 hinc
482 3292 573 3350 amnis
588 3291 723 3370 ‘capacia
747 3291 865 3372 quidem
886 3291 970 3352 bonae
984 3291 1044 3370 spei
1058 3297 1184 3369 pectora,

173 3395 202 3445 et
230 3405 305 3464 saepe
329 3403 360 3444 se
384 3392 512 3462 experta,
536 3387 693 3464 improviso
718 3395 815 3446 tamen
836 3407 943 3465 pavore
965 3395 1184 3466 percusserant:

172 3483 278 3562 quippe
292 3478 443 3540 instabiles
456 3486 543 3554 rates,
557 3499 612 3539 nec
627 3481 716 3559 dirigi
730 3482 767 3540 ad
780 3483 882 3559 ripam,
897 3501 950 3560 nec
965 3485 1029 3542 tutd
1044 3481 1185 3560 applicari

173 3599 256 3657 posse
280 3577 443 3638 credebant.
494 3575 590 3636 Erant
611 3577 643 3634 in
665 3577 760 3636 medio
778 3597 865 3636 amne
889 3577 993 3638 insulae
1016 3575 1133 3652 crebrae,
1153 3577 1185 3636 in

171 3693 243 3752 quas
265 3673 334 3732 Indi
349 3679 378 3732 et
400 3671 574 3731 Macedones
597 3678 711 3746 nantes,
726 3671 831 3730 levatis
855 3691 942 3751 snper
967 3673 1062 3752 capita
1086 3673 1184 3746 ermis,

171 3767 342 3825 hansibant.
385 3767 434 3827 Ibi
456 3767 549 3826 'levia
573 3767 674 3846 praelia
698 3767 893 3843 conferebant,
916 3775 946 3826 et
969 3775 1093 3846 uterque
1116 3767 1184 3826 Rex

170 3861 286 3934 'parvae
305 3863 348 3920 rei
363 3863 529 3922 discrimine
543 3883 664 3923 summae
679 3863 883 3941 experiebatur
897 3869 1040 3923 eventum.
1090 3861 1184 3922 (laeto-
