2520 4390
184 345 242 406 1³6
531 359 671 411 aururr
698 361 838 402 cunrrr

178 501 270 582 magis
282 499 403 575 laedunt,
418 500 438 528 ¹⁷
447 498 536 579 quim
547 497 628 579 qutd
641 499 785 578 Amyntas
795 496 945 559 Perdiccae
957 496 1036 558 lilius
1045 497 1205 560 insidiatus

178 603 224 656 cst
237 595 312 674 Regi
325 614 331 656 :
353 613 417 654 cnm
429 613 487 674 quo
500 593 577 674 qubd
590 594 715 654 amicitia
728 595 819 654 fuerit
828 593 909 668 mihi,
919 613 978 652 non
991 613 1098 654 recuso
1109 593 1205 654 defen-

179 689 254 765 dere,
269 691 294 748 si
310 690 329 718 ¹⁸
337 691 457 750 fratrem
469 689 560 770 Regis
573 709 631 748 non
645 689 774 768 oportuit
784 688 868 768 diligi
879 709 896 748 a
908 688 1000 748 nobis.
1034 687 1093 748 Sin
1108 698 1205 748 autem

178 785 209 842 in
230 783 282 844 illo
303 784 426 844 fortunas
446 784 538 864 gradu
557 783 686 862 positum
700 785 719 813 ¹⁹
731 783 818 842 etiam
838 783 968 842 venerari
989 802 1112 842 necesse
1134 791 1203 858 erat,

176 883 287 956 utrdm,
309 900 414 960 quaeso,
436 879 513 958 qubd
533 899 591 938 non
612 879 750 955 divinavi,
764 898 831 938 reus
851 877 939 938 sum?
979 878 1032 937 An
1045 878 1204 957 impiorum

177 976 277 1034 amicis
298 973 458 1034 insontibus
479 993 589 1051 quoque
610 973 790 1032 moriendum
810 973 879 1033 est?
917 972 1034 1043 ”Quod
1047 974 1076 1032 si
1090 995 1204 1054 aequum

123 1119 126 1128 .
177 1078 230 1145 est,
243 1089 294 1128 cur
308 1077 368 1126 tam
382 1068 435 1126 diu
448 1068 539 1128 vivo?
559 1069 584 1128 si
598 1069 748 1146 injustum,
759 1089 809 1128 cur
819 1089 894 1128 mmo
905 1069 1021 1128 demum
1032 1071 1157 1130 occidor
1166 1071 1179 1129 ‘l
1188 1072 1202 1102 '²

238 1169 255 1198 “
268 1165 342 1222 ²1At
356 1163 433 1224 enim
446 1164 557 1244 scripsi,
570 1165 701 1224 misereri
722 1184 768 1224 me
787 1184 893 1240 eorum,
914 1165 1021 1244 quibus
1043 1165 1202 1225 vivendum

178 1266 253 1319 esset
266 1261 319 1320 sub
333 1279 376 1336 eo,
390 1261 484 1340 quise
498 1259 521 1320 J
522 1259 584 1320 ovis
603 1261 695 1320 filium
715 1260 853 1320 crederet.
909 1260 928 1287 ²²
939 1259 1029 1320 Fides
1051 1261 1200 1336 amicitia,

177 1356 239 1416 veri
253 1356 367 1418 consilii
385 1356 547 1434 periculosa
566 1356 695 1431 libertus,
713 1375 765 1415 vos
786 1375 832 1414 me
854 1354 1027 1434 decepistis!
1050 1376 1121 1434 vos,
1142 1378 1201 1436 qua

178 1452 343 1528 sentiebam,
357 1470 393 1510 ne
405 1452 564 1527 reticerem,
578 1450 733 1528 impulistis
744 1449 751 1509 l
800 1449 955 1529 Scripsisse
968 1469 1014 1508 mc
1026 1449 1097 1512 haec
1109 1453 1201 1512 fateor

178 1547 199 1576 ¹²
207 1547 294 1626 Regi,
308 1566 366 1606 non
380 1547 416 1604 de
430 1547 512 1626 Rege
537 1547 694 1624 scripsisse.
741 1545 762 1574 ²⁴
776 1545 844 1604 Non
867 1547 943 1604 enim
966 1546 1121 1606 faciebam
1136 1549 1200 1608 inri-

180 1639 267 1714 diam‚
289 1640 341 1698 sed
362 1658 414 1716 pro
439 1659 472 1697 eo
495 1638 641 1699 timebam.
684 1639 808 1718 Dignior
830 1639 903 1696 mihi
925 1639 1104 1699 Alexander
1127 1643 1201 1701 vide

178 1732 265 1795 batur
278 1734 329 1811 qni
343 1733 366 1792 J
367 1734 429 1792 ovis
454 1733 574 1810 stirpem
589 1733 697 1792 tacitus
722 1742 899 1812 agnosceret,
912 1735 1001 1813 quim
1014 1737 1068 1814 qui
1094 1739 1200 1814 praedi·

178 1827 291 1888 catione
315 1830 449 1904 jactaret.
492 1826 552 1886 Sed
578 1829 715 1906 quoniam
740 1829 850 1888 oraculi
876 1829 948 1888 fides
976 1838 1059 1910 certa
1081 1841 1143 1906 est,
1164 1834 1200 1891 sit

179 1923 259 1982 Deus
273 1941 367 1982 causae
388 1930 461 1980 meee'
476 1921 567 1980 testis.
611 1921 748 1982 Retincte
773 1944 818 1982 me
841 1923 872 1982 in
885 1923 1019 1999 vinculis,
1036 1925 1115 1985 drlm
1140 1950 1199 1988 cou-

178 2017 285 2078 sulitur
311 2016 456 2076 Hammon
471 2017 491 2044 ²⁶
500 2017 529 2075 in
544 2037 681 2076 arcanum
696 2025 726 2076 et
747 2019 893 2078 occultum
907 2019 1009 2078 scelus.
1066 2021 1198 2082 Interim

177 2112 229 2192 qui
243 2113 354 2192 Regem
377 2119 509 2170 nostrum
532 2113 727 2190 dignatusest
748 2114 848 2191 filium,
869 2114 1012 2172 nemiuem
1027 2135 1136 2176 eorum
1151 2119 1197 2198 qui

179 2209 264 2288 stirpi
278 2229 339 2270 suae
352 2209 482 2268 insidiati
494 2217 569 2283 sunt,
585 2209 677 2268 latere
691 2209 828 2288 patietur.
873 2209 905 2270 Si
925 2211 1050 2269 certiora
1066 2215 1196 2272 oraculis

179 2305 299 2364 creditis
321 2325 384 2366 esse
407 2311 561 2380 tormenta,
575 2325 612 2364 ne
626 2305 727 2364 ²⁶hauc
741 2305 858 2384 quidem
872 2291 1043 2366 exhibendae
1058 2309 1196 2369 veritatis

178 2399 264 2457 fidem
278 2399 440 2475 deprecor.‘'

239 2492 370 2550 “Solent
398 2493 442 2550 rei
469 2493 570 2570 capitis
604 2495 740 2556 adhibere
768 2495 851 2556 vobis
879 2495 1052 2577 ”parentes
1112 2499 1194 2559 Duos

120 2617 125 2632 ·
178 2586 283 2644 fratres
305 2604 358 2664 ego
372 2606 463 2664 nuper
488 2588 589 2646 amisi:
611 2597 722 2666 patrem
744 2611 797 2650 nec
818 2593 970 2652 ostendere
989 2613 1121 2670 possum,
1143 2617 1193 2655 nec

178 2681 310 2740 invocare
324 2680 424 2755 audeo,
440 2682 507 2740 culm
521 2689 550 2740 et
564 2681 625 2760 ipse
640 2685 715 2743 tanti
730 2687 857 2745 criminis
872 2707 938 2746 reus
953 2687 1000 2746 sit.
1042 2687 1063 2716 ²⁸
1075 2689 1138 2749 Par
1145 2694 1192 2749 dm

178 2784 223 2836 est
237 2778 313 2838 enim
327 2785 372 2837 tot
386 2777 471 2866 modb
485 2777 643 2838 liberorum
664 2789 822 2858 parentem,
837 2783 868 2840 in
881 2783 966 2842 unico
988 2783 1048 2842 filio
1063 2788 1191 2866 nequies·

178 2881 299 2948 centem,
322 2893 355 2932 eo
377 2894 490 2954 quoque
513 2874 618 2949 orbari,
641 2880 672 2934 ni
695 2877 757 2954 ipse
778 2877 808 2936 in
829 2898 931 2956 rogum
953 2899 1049 2938 meum
1072 2881 1191 2960 imponi·

178 2975 234 3026 tur.
299 2967 388 3046 Ergb,
416 2970 561 3030 carissime
588 2978 679 3048 pater,
707 2980 738 3030 et
763 2980 883 3050 propter
915 2993 961 3032 me
987 2975 1132 3051 morieris,
1164 2988 1192 3038 et
1252 2995 1253 3004 ¹

177 3080 297 3122 mecum.
342 3063 406 3142 ligo
428 3064 483 3123 tibi
496 3065 585 3124 vitam
608 3066 712 3140 adime,
727 3087 780 3146 ego
795 3076 973 3128 senectutem
996 3077 1077 3128 tuam
1098 3073 1189 3132 extin-
1252 3089 1253 3156 ᾗ

176 3175 241 3234 guo.
294 3157 315 3185 ²⁹
325 3155 404 3227 Quid
428 3159 505 3218 enim
528 3180 574 3218 me
598 3161 769 3240 procreabas
795 3163 940 3223 infelicem
967 3165 1190 3228 adversantibus
1252 3171 1253 3198 ³

179 3251 265 3310 Diisl
288 3273 324 3310 an
343 3259 377 3312 ut
399 3253 451 3313 hos
474 3274 510 3314 ex
533 3276 579 3314 me
602 3257 715 3316 fructus
737 3259 909 3338 perciperes,
924 3261 975 3342 qui
996 3269 1024 3320 te
1045 3265 1189 3322 manent?

138 3385 142 3394 ·
179 3348 285 3406 Nescio
310 3369 347 3406 an
370 3349 564 3410 adolescentia
586 3372 650 3410 mea
675 3353 807 3414 miserior
834 3355 882 3432 sit,
904 3377 942 3415 an
968 3365 1104 3416 senectus
1129 3367 1187 3418 tua

181 3443 242 3524 ligo
256 3443 286 3504 iu
308 3444 372 3523 ipso
385 3446 489 3506 robore
502 3447 599 3506 aetatis
614 3447 735 3526 eripior:
757 3450 812 3510 tibi
833 3451 963 3510 carnifex
976 3453 1116 3532 spiritum
1130 3455 1187 3514 adi·

176 3549 244 3616 ruet,
260 3561 344 3620 quem
358 3541 384 3600 si
397 3541 515 3600 fortuna
527 3541 545 3569 ³⁰
554 3551 705 3618 expectare
718 3545 868 3622 voluisset,
877 3554 983 3606 natura
991 3550 1188 3626 reposcebat'’

234 3635 457 3694 Μ1111110111ιί1
487 3655 533 3693 me
561 3637 652 3714 patris
685 3659 731 3698 me
758 3641 876 3717 mentio,
907 3642 996 3722 quium
1025 3643 1138 3703 timide
1159 3654 1187 3704 et

175 3737 351 3804 cunctanter,
374 3751 438 3810 quse
464 3730 619 3790 Cebalinus
634 3733 777 3794 detulerat
791 3737 828 3794 ad
852 3757 906 3811 me,
932 3737 1060 3796 indicare
1084 3740 1186 3800 debue-

175 3826 237 3880 rim.
289 3823 443 3883 Parmenio
472 3826 548 3884 enim
576 3829 643 3885 culm
671 3831 804 3890 audisset
830 3851 972 3907 perranum
1000 3853 1017 3890 a
1045 3833 1184 3916 Philippo
