2642 4386
407 377 532 424 uruuu
557 377 611 420 ιι.
640 377 727 420 ors.
753 377 817 420 ιιι.
1067 361 1129 424 m

117 515 320 582 slinmorbenn
339 518 534 597 μεθίημι
556 515 791 596 Indiamquris
815 513 1033 596 ludisquoqus
1051 515 1130 596 igno·

116 619 185 676 tum.
226 614 311 674 Inter
337 614 414 674 feres
435 619 638 692 serpentesque
661 612 798 690 degentes
821 630 920 672 eruere
945 629 983 672 ex
1007 611 1129 674 latebris

117 716 147 770 et
167 709 313 770 eubilibus
339 709 399 770 suis
424 709 544 786 expetis,
564 714 599 768 ut
617 707 701 786 pluro
721 708 811 786 quim
834 705 878 766 sol
895 705 987 783 ridet,
1006 707 1129 769 victorin

117 804 233 868 lustres.
273 804 369 885 Digna
379 805 498 882 prorsuis
510 802 648 882 eogitntio
667 802 764 862 auimo
777 808 838 878 tuo,
851 801 904 862 sod
922 801 1010 862 ultior
1022 810 1128 864 nostuo.

119 900 226 962 Virtus
246 900 321 960 eninr
341 907 392 960 tos
404 917 516 979 sempor
534 898 567 958 in
585 898 761 960 incremento
775 897 842 974 erit,
854 903 954 960 ιιοιιιι
966 897 1014 960 vis
1024 898 1056 958 in
1073 899 1130 960 tine

122 997 185 1074 jam
198 997 269 1056 mu

177 1091 322 1152 “Intuere
345 1109 465 1168 eorporu
488 1089 638 1170 exanguis,
661 1095 708 1150 tot
728 1089 859 1168 perfosso
880 1087 1057 1166 vulneribus,
1084 1093 1131 1148 tot

116 1185 299 1248 oiontrioibue
321 1185 427 1264 putris
468 1184 538 1244 Jsm
561 1184 622 1244 tels
641 1183 759 1244 hebetis
782 1191 859 1259 sunt,
878 1185 940 1261 jum
960 1203 1042 1244 eumn
1064 1183 1130 1244 defi·

116 1281 206 1342 oiunt.
249 1280 372 1342 Vestem
392 1278 541 1338 Persioem
561 1277 716 1353 induimus,
737 1278 806 1357 quie
828 1278 985 1338 domestioe
1009 1279 1131 1340 subvehi

115 1395 175 1436 uon
197 1381 302 1454 potest
344 1374 383 1433 In
403 1380 557 1433 externum
583 1371 818 1452 degeneravimus
843 1372 963 1432 uultum
1005 1374 1024 1402 ¹⁰
1034 1371 1131 1444 Quoto

116 1471 221 1548 ouique
240 1469 332 1528 lorioe
345 1467 412 1529 est?
430 1467 496 1546 quis
517 1486 624 1547 equum
635 1466 747 1528 hebet?
763 1466 836 1546 jube
847 1467 940 1546 quenti
950 1470 1040 1546 quim
1058 1467 1131 1526 mul-

117 1572 166 1624 tos
179 1563 256 1626 servi
268 1563 395 1642 ipsorum
407 1563 550 1642 persecuti
562 1562 630 1638 sint,
643 1561 717 1642 quid
728 1562 829 1642 ouiqud
843 1562 1012 1642 supersitox
1023 1562 1130 1641 praedt.

120 1659 258 1722 Omnium
283 1659 413 1733 viotores,
446 1658 571 1718 omnium
601 1657 702 1737 inopes
735 1677 840 1719 sumus
896 1656 959 1718 Neo
986 1658 1004 1688 ¹¹
1014 1657 1131 1718 luxurii

117 1753 291 1828 laboremus,
305 1753 357 1814 sed
380 1751 459 1814 bello
478 1753 672 1814 instrumente
685 1752 755 1814 belli
768 1753 1002 1832 oonsumpsimus.
1044 1753 1131 1812 Hune

117 1855 153 1908 tu
164 1847 388 1926 pulcherrimum
400 1848 559 1908 exereitum
578 1847 687 1910 nudum
700 1848 820 1926 objioies
832 1848 961 1912 belluis?
1001 1847 1131 1920 Quorum

118 1945 181 2004 ¹²ut
192 1944 408 2004 multitudinem
430 1950 553 2024 augeant
576 1944 612 2004 de
626 1943 772 2004 industrii
795 1943 929 2070 Barbari?
941 1950 1131 2024 megnumtn·

115 2058 184 2098 men
197 2057 259 2098 osse
271 2057 423 2098 numerum
432 2039 451 2068 ¹⁸
459 2039 549 2098 etiem
561 2058 599 2098 ex
610 2038 761 2098 mendesio
773 2037 913 2118 intelligo.
926 2040 933 2070 '

179 2137 197 2168 “
210 2131 295 2203 Quod
315 2134 342 2192 si
362 2133 456 2192 odhuo
475 2139 625 2211 penetrare
644 2131 677 2192 in
696 2133 814 2193 Indiam
826 2139 937 2192 eertum
950 2139 1004 2208 est,
1015 2133 1094 2212 regio
1113 2151 1133 2192 ι

115 2226 238 2287 moridie
258 2227 357 2286 mimis
380 2233 463 2288 veste
485 2234 538 2288 est
580 2226 646 2298 Qus
667 2227 797 2303 subeott,
810 2227 911 2288 lioebit
930 2225 1081 2288 desumere
1100 2227 1133 2286 in

115 2322 193 2384 illud
205 2341 294 2397 mere,
307 2321 385 2401 quod
406 2321 493 2384 rebus
513 2321 647 2380 humenis
666 2320 824 2380 terminum
837 2319 931 2382 voluit
943 2339 1007 2382 esso
1019 2328 1131 2386 notura.

117 2415 181 2480 Gur
200 2416 326 2476 eirouitu
347 2415 424 2494 petis
446 2415 578 2494 glorium,
591 2435 657 2494 quae
670 2415 708 2474 od
729 2435 846 2474 menum
857 2414 1031 2494 positsest?
1071 2416 1133 2476 Hie

114 2531 231 2592 quoque
254 2511 378 2570 ooourrit
406 2509 547 2572 Ooeunus.
589 2509 658 2570 Nisi
682 2511 775 2572 mavis
795 2529 900 2586 muers,
922 2510 942 2540 ¹⁴
951 2510 1133 2590 pervenimus

115 2607 175 2687 qud
188 2614 240 2666 tus
262 2607 379 2667 fortune
403 2605 490 2667 duoit.
532 2605 607 2666 Hmo
629 2612 734 2682 tenum,
754 2608 841 2685 quim
864 2605 927 2666 sine
950 2612 981 2666 te
1001 2625 1067 2666 eum
1084 2605 1133 2666 his

115 2702 199 2782 loqui
218 2701 317 2778 milui,
338 2702 420 2762 ¹'nou
431 2709 466 2762 ut
487 2700 591 2762 inirem
612 2700 822 2762 eireumstuntis
842 2701 988 2762 exereitds
999 2702 1131 2780 gretiam,

115 2797 172 2858 sod
191 2804 226 2856 ut
237 2816 338 2858 vooem
359 2797 539 2877 loquentium
558 2797 668 2876 potids,
687 2799 776 2878 qutm
795 2797 935 2876 gemitum
955 2813 1133 2856 murmuren-

114 2893 195 2952 tium
207 2891 348 2952 ondiros”

181 2988 208 3044 9.
231 2985 275 3045 Ut
287 2985 374 3045 finem
387 2986 512 3044 orationi
527 2985 634 3046 Coenus
646 2984 794 3064 imposuit,
804 2983 912 3044 elamor
924 2984 1052 3066 undiqud
1067 3005 1133 3046 oum

114 3079 238 3162 ploratu
260 3079 363 3155 oritur,
386 3079 507 3158 Regem,
528 3087 649 3160 putrem,
664 3079 813 3140 dominnm
837 3080 965 3140 confusis
987 3081 1132 3160 appellen·

115 3175 345 3236 tium-vooibns.
388 3175 514 3254 Jamque
538 3175 641 3234 stolii
663 3174 751 3234 duoes
773 3174 974 3256 praecipuique
995 3178 1131 3253 seniores,
1173 3247 1177 3258 ¹

116 3271 204 3351 queis
227 3270 264 3330 ob
287 3276 406 3330 aetstem
433 3277 464 3330 et
487 3269 636 3330 excusatio
660 3269 809 3330 honestior
830 3277 894 3330 erut
917 3279 948 3332 et
973 3273 1132 3332 auotoritas

116 3368 221 3444 mojor,
236 3365 338 3424 eedem
351 3365 554 3443 precabantur.
596 3364 655 3426 Ille
673 3384 727 3426 neo
740 3365 882 3446 uestigare
894 3366 1065 3440 obstinatos,
1078 3384 1132 3424 uso

116 3461 254 3540 mitigare
267 3466 383 3536 poterat
396 3459 494 3520 iustos.
536 3458 641 3539 Itnquo
662 3459 746 3539 inops
768 3460 883 3520 consilii
902 3461 1021 3520 desiluit
1043 3479 1060 3518 e
1080 3459 1132 3518 tri·

116 3555 229 3631 buneii,
256 3553 410 3633 olnodique
437 3555 547 3634 regium
571 3555 670 3634 jussit,
695 3555 837 3631 omnibus,
858 3563 965 3633 praeter
991 3559 1131 3630 assuetos,

117 3651 202 3710 adiro
222 3649 385 3728 prohibitis.
427 3649 556 3710 Biduum
569 3652 620 3712 irae
633 3652 734 3710 dutum
747 3659 802 3725 ost,
817 3651 906 3708 tertio
920 3649 968 3706 dio
981 3650 1131 3726 prooessit,

118 3747 248 3826 erigique
262 3745 415 3806 duodeoim
434 3766 499 3806 erus
513 3765 550 3806 ex
562 3748 705 3827 quadrato
725 3765 805 3819 suo,
818 3750 1037 3802 monumentum
1050 3763 1133 3824 exps-

118 3839 243 3903 ditioois
265 3858 335 3914 soe,
365 3840 544 3904 munimento
563 3860 678 3920 quoque
699 3846 860 3900 esseorum
889 3836 980 3915 jussit
1003 3839 1132 3916 extendi,
