2600 4394
370 341 492 384 ursus
521 341 584 382 ιιι.
615 335 701 382 oar.
722 341 793 382 xrs.
1051 323 1091 383 a?

104 487 160 540 tum
177 477 346 540 discriminis
371 479 483 553 fuisset,
509 476 699 558 requirebant
753 477 907 558 Negabunt
931 497 962 538 es
981 483 1090 558 oaptas,

102 573 124 634 ei
135 574 232 634 ureret
245 573 319 634 Rex.
361 573 420 634 Sed
444 573 536 648 illum,
548 591 637 652 equos
655 573 774 635 subinde
793 579 962 649 mutantem,
976 573 1091 654 longiis

68 683 73 696 ·
99 668 160 747 fuga
170 668 328 728 abstulerat.
371 667 408 726 In
422 668 482 726 aoie
495 674 591 728 autem
603 669 706 728 ''eeesa
718 668 947 728 suutPersarum
960 668 1091 746 peditum

99 770 196 824 eentum
217 763 324 822 millia:
346 763 442 822 deoem
462 765 531 824 vero
552 763 646 822 millia
664 763 815 822 iuterfeeta
834 764 968 842 equitum.
1009 764 1054 823 At
1073 783 1091 822 ιι

90 865 169 935 parte
191 857 351 918 Alexandri
376 864 497 935 quatuor
523 864 553 916 et
578 857 729 938 quingenti
748 859 838 918 saueii
859 859 950 934 fuere,
970 857 1092 938 triginta

96 953 195 1010 omuino
213 959 243 1010 et
262 951 319 1012 duo
338 971 376 1012 ex
394 952 541 1030 peditibus
553 951 708 1012 desiderati
728 960 806 1028 sunt,
827 953 956 1031 equitum
978 960 1091 1012 eentum

94 1046 286 1126 quinquaginta
311 1047 465 1106 interdeoti
520 1047 645 1108 Tantulo
672 1047 818 1126 impendio
843 1048 943 1128 iugens
970 1047 1092 1108 viotoria

92 1141 182 1200 stetit:

145 1235 217 1298 XII.
241 1237 286 1297 30.
309 1237 385 1312 Rex,
398 1237 449 1315 qui
464 1236 515 1294 diu
527 1235 649 1296 Darium
661 1237 853 1315 persequendo
866 1237 1006 1318 fatigatus
1019 1243 1092 1312 erat,

36 1329 38 1332 ’
62 1355 64 1360 ·
88 1337 233 1410 postquem
256 1337 287 1390 et
309 1350 368 1390 nox
389 1331 550 1408 appetebat,
571 1337 603 1389 et
624 1349 690 1390 eum
715 1331 905 1409 eonseqnendi
932 1335 1017 1410 ¹spes
1035 1349 1093 1390 nou

91 1433 160 1500 erat,
172 1425 202 1483 in
215 1432 310 1484 eastra
329 1425 416 1502 paulo
436 1425 609 1484 anteesuis
632 1432 716 1502 eapte
734 1427 868 1502 pervenit.
909 1425 1036 1487 Invitari
1048 1426 1094 1486 de·

86 1519 152 1578 inde
166 1519 281 1595 amieos,
295 1519 398 1598 quibus
410 1519 535 1578 maxime
548 1527 722 1595 assueverat,
738 1521 846 1598 J'ussit:
865 1521 971 1600 quippe
984 1541 1095 1581 summa

84 1614 224 1674 duntaxat
247 1615 321 1674 eutis
341 1615 372 1674 in
394 1616 504 1674 'femore
523 1615 684 1692 perstriote,
695 1634 753 1676 non
771 1615 943 1694 prohibebat
957 1617 1093 1676 interesse

83 1709 219 1770 convivio.
278 1711 353 1770 Tum
386 1710 505 1788 repente
537 1729 554 1768 e
585 1711 715 1788 proximo
741 1711 928 1777 tebernaoulo
960 1711 1093 1790 lugubris

80 1805 197 1881 elamor,
224 1805 348 1866 barbaro
382 1805 505 1880 ululatu,
537 1805 711 1886 planetuque
742 1807 912 1886 permixtus,
945 1805 1094 1886 epulantes

63 1898 244 1960 'conterruit
287 1899 398 1962 Cohors
418 1921 539 1980 quoque,
561 1921 627 1982 quaa
645 1902 805 1964 excubebat
820 1903 858 1962 ad
876 1902 1094 1964 tabernaoulum

77 1995 167 2074 regia,
192 1996 285 2055 verita
309 2015 347 2054 ue
366 1996 484 2072 majoris
503 2001 601 2056 metris
627 1996 800 2074 principium
826 2005 910 2073 esset,
931 2015 1043 2056 armare
1063 2013 1094 2056 se

73 2097 209 2168 coeperat
266 2090 361 2152 Causa
392 2091 508 2168 pavoris
534 2091 624 2151 subiti
649 2091 717 2166 fuit,
742 2091 819 2170 quod
848 2099 941 2150 mater
965 2107 1095 2169 uxorque

72 2186 172 2260 Darii,
187 2205 253 2244 eum
275 2185 398 2262 captivis
418 2185 572 2258 nobilibus,
586 2185 706 2263 Regem,
725 2205 811 2262 quem
830 2186 1015 2244 interieetum
1035 2203 1096 2244 esse

71 2280 245 2354 eredebant,
259 2278 497 2358 ingentigemitu
509 2279 675 2357 ejulatuque
688 2279 838 2340 deflebunt
879 2277 964 2339 Unus
976 2269 1097 2358 namque

71 2397 92 2436 e
124 2375 219 2454 eaptie
245 2373 429 2453 spadonibus,
455 2373 506 2452 qui
532 2375 609 2433 forte
637 2380 703 2433 ante
727 2374 855 2452 ipsarum
880 2374 1096 2435 tabernaculum

63 2477 213 2546 steterat,
223 2469 378 2530 amiculum
380 2469 489 2548 ,(quod
502 2470 617 2545 Darius,
631 2470 707 2530 siout
728 2470 815 2547 pauld
835 2470 904 2529 antia
917 2469 1028 2530 dietum
1040 2477 1094 2546 est,

63 2587 110 2628 ne
129 2567 210 2627 ¹eult
198 2574 230 2627 tu
242 2563 420 2645 proderetur,
435 2564 624 2645 abjecerat)
616 2585 647 2623 m
667 2565 838 2626 manibus
811 2583 875 2642 epus
887 2566 938 2644 qui
950 2573 1095 2644 repertum

59 2663 197 2736 ferebat,
220 2662 353 2742 agnovit:
382 2667 518 2740 ratusque
540 2659 694 2720 interfeeto
716 2660 879 2720 detraetum
898 2679 967 2734 esse,
990 2661 1096 2720 falsum

57 2757 214 2818 nuncium
233 2757 336 2818 mortis
357 2759 420 2834 ejus
441 2757 588 2816 attulerat
630 2755 699 2816 Hoo
719 2755 875 2816 mulierum
901 2772 998 2814 errore
1023 2773 1096 2813 oom-

54 2859 171 2934 perto,
184 2852 352 2912 Alexander
371 2853 496 2924 fertunae
519 2850 612 2926 Darii,
626 2857 656 2909 et
668 2849 773 2927 pietati
791 2869 890 2908 earum
901 2849 1096 2939 illam-ymisse

53 2950 177 3009 fertur.
220 2947 267 3006 Ao
279 2949 373 3025 primo
387 2947 573 3022 Mithrenem,
582 2945 638 3026 ‚qui
659 2945 765 3006 Sardes
784 2943 957 3023 prodiderat,
970 2945 1095 3022 peritum

52 3043 209 3106 Persicae
234 3042 352 3122 linguae,
379 3042 423 3102 ire
450 3043 487 3102 ed
513 3041 702 3102 oonsolandas
728 3059 777 3100 eas
799 3043 932 3118 jusserat
974 3039 1095 3100 Veritus

53 3138 195 3212 deiude,
223 3157 259 3198 ue
285 3123 423 3218 proditor
443 3138 621 3216 captivarum
643 3137 718 3196 iram
745 3135 928 3216 doloremque
954 3148 1096 3216 graveret,

50 3237 248 3297 Leonatum
273 3254 311 3294 ex
336 3233 503 3314 purpuratis
525 3233 586 3294 suis
608 3232 700 3311 misit,
724 3233 836 3310 jussum
861 3231 997 3307 indioure,
1023 3231 1097 3292 falso

48 3331 241 3392 lamentari
254 3337 303 3390 eas
315 3331 420 3390 vivum
462 3327 521 3388 Ille
541 3347 606 3388 eum
625 3327 724 3406 paneis
738 3327 905 3407 'armigeris
923 3327 955 3386 iu
968 3327 1098 3387 taberne·

48 3425 192 3500 culum,
207 3423 239 3482 in
259 3445 315 3503 quo
329 3425 450 3502 eaptirae
464 3429 556 3499 erant,
576 3424 714 3502 pervenit,
735 3423 911 3500 missumque
924 3441 942 3479 a
955 3423 1037 3498 Rege
1059 3437 1098 3493 se,

42 3520 216 3583 nuntiari
241 3521 331 3598 jubet.
372 3521 417 3580 At
442 3520 475 3595 ii,
500 3520 551 3599 qui
576 3521 608 3578 iu
631 3520 777 3580 vestibulo
799 3525 890 3592 erant,
914 3523 949 3574 ut
975 3520 1100 3572 armatos

40 3623 266 3694 conspexere,
280 3615 339 3676 rati
361 3617 475 3676 uotum
488 3635 551 3676 esse
566 3616 601 3676 de
614 3616 747 3689 dominis,
761 3615 793 3672 in
811 3608 1027 3672 tabernaculum
1039 3629 1100 3668 our·

39 3719 158 3786 runt,
187 3713 388 3786 vociferantes,
411 3712 510 3772 adesse
540 3727 702 3790 supremam
729 3709 839 3779 horam,
866 3704 1024 3784 missosque
1051 3706 1101 3784 qui

36 3808 252 3874 occiderent
271 3816 377 3886 eaptus.
420 3809 550 3888 ‘Itaque
574 3813 610 3866 ut
633 3825 697 3884 quae
719 3821 772 3862 neo
798 3797 951 3878 prohibere
976 3809 1101 3879 possent,
