2622 4382
434 405 558 447 uranu
582 405 615 449 x.
644 405 730 447 oar.
755 405 807 447 rr.
1072 393 1131 452 tet

116 563 227 605 mecum
239 545 271 604 in
283 543 465 605 matrimonio
482 545 577 624 junxi,
591 565 649 605 non
662 545 832 626 dedignatus
845 565 883 606 ex
895 547 1011 624 eaptivt
1024 547 1132 608 liberos

114 639 229 700 tollere.
271 639 363 700 ⁸Mon
386 639 491 699 deinde
516 643 584 700 oiim
608 640 729 720 stirpem
751 643 863 721 generis
882 642 939 700 mei
958 643 1046 702 latiis
1067 661 1131 721 pro·

113 755 221 816 pagare
234 755 373 814 euperem,
387 756 505 797 uxorem
526 737 611 796 Darii
633 737 720 796 filiam
741 735 828 814 duxi;
850 738 1043 818 proximisque
1063 739 1131 797 ami-

113 850 213 891 corum
234 839 334 892 auetor
354 832 407 909 fui,
421 852 458 891 ex
477 833 600 910 captivis
621 832 778 913 generandi
798 833 914 909 liberos,
928 843 963 892 ut
976 833 1030 894 hoe
1049 855 1130 896 saoro

113 927 221 986 laedere
243 947 326 987 omne
348 927 501 988 discrimen
524 928 594 989 vieti
621 935 651 988 et
673 929 794 990 viatoris
818 929 1008 990 excluderem.
1060 931 1132 990 Pro·

111 1022 181 1081 inde
194 1023 308 1102 genitos
321 1043 383 1084 esse
395 1043 448 1084 vos
469 1023 550 1100 mihi,
564 1043 622 1083 non
636 1025 743 1084 ascitos
756 1024 875 1100 milites,
889 1025 1006 1086 credite.
1048 1025 1132 1086 Asiae

112 1125 141 1176 et
155 1119 281 1198 Europae
293 1139 384 1179 unum
405 1125 491 1198 atque
513 1121 589 1178 idem
609 1140 730 1199 regnum
751 1127 810 1198 est;
834 1121 1027 1180 Macedonum
1046 1121 1131 1182 vobis

111 1234 191 1274 arma
214 1215 260 1276 do.
313 1215 479 1274 Inveteravi
501 1211 679 1294 peregrinam
704 1215 881 1276 novitatem:
912 1225 943 1275 et
970 1217 1046 1276 eires
1072 1215 1130 1276 mei

111 1313 181 1372 estis
195 1321 226 1372 ct
238 1313 356 1373 milites.
401 1312 508 1374 Omnia
531 1313 664 1372 eumdem
687 1313 795 1372 dueunt
808 1313 941 1374 colorem.
985 1313 1047 1373 Neo
1061 1315 1130 1392 Per·

111 1407 153 1469 sis
166 1407 359 1467 Maeedonum
371 1425 464 1466 mores
485 1407 666 1482 adumbrare,
680 1427 733 1466 neo
754 1407 961 1468 Macedonibus
975 1409 1130 1468 Persarum

112 1503 224 1562 imitari
246 1503 411 1562 iudaeorum
431 1510 482 1564 est
524 1503 665 1580 Ejusdem
684 1503 760 1580 juris
784 1521 848 1562 esse
869 1503 982 1580 debent,
1002 1504 1053 1583 qui
1076 1503 1131 1566 aab

112 1597 213 1657 eodem
226 1597 307 1677 Rege
321 1598 447 1659 'moturi
460 1599 556 1659 sunt.”

570 1691 639 1760 [Hae
649 1693 761 1744 oratione
773 1693 867 1754 habita
875 1693 956 1745 Persis
967 1694 1079 1761 eorporis
1089 1694 1130 1746 sui

112 1775 255 1826 aristodium
272 1775 388 1826 eredidit
429 1775 519 1826 Persas
537 1775 665 1836 satellites,
688 1777 778 1828 Persas
799 1775 958 1842 apparitores
981 1777 1048 1828 feeit
1080 1778 1130 1828 Per

112 1871 176 1923 qnos
187 1857 244 1906 eum
254 1856 411 1916 Maeedoues,
424 1856 469 1922 qui
486 1856 546 1906 huie
557 1857 678 1908 seditioni
689 1857 843 1908 oeeasionem
854 1857 991 1920 dedissent,
1001 1858 1082 1909 vineti
1094 1859 1128 1910 ad

105 1935 235 2002 ‚supplicia
247 1937 417 1996 traherentur,
430 1953 511 1986 unum
523 1936 596 1987 exiis
607 1936 758 1988 auctoritate
770 1941 797 1988 et
813 1941 890 1988 aetate
904 1955 1017 2004 gravem,
1031 1937 1064 1988 ad
1081 1939 1129 1990 Re·

111 2034 171 2084 gem
181 2018 217 2066 ita
224 2017 339 2066 locutum
350 2017 457 2084 serunt]

172 2099 230 2159 IV.
256 2101 300 2158 li.
322 2102 338 2132 “
351 2095 534 2176 Quousque,”
548 2098 651 2177 inquit,
667 2101 685 2132 “
697 2097 793 2157 animo
815 2105 876 2174 tuo,
890 2099 979 2158 etiam
999 2121 1051 2178 per
1065 2120 1128 2179 sup·

112 2193 209 2274 plicia,
233 2195 281 2252 ¹et
303 2191 419 2272 quidem
439 2193 552 2251 externi
575 2194 673 2268 moris,
698 2193 890 2272 obsequeris?
940 2195 1053 2254 Milites
1074 2197 1128 2272 tui,

112 2289 190 2348 cives
213 2288 268 2364 tui,
292 2287 437 2368 incognita
460 2291 556 2364 eausa,
584 2287 706 2364 captivis
728 2288 788 2347 suis
812 2287 992 2364 ducentibus,
1013 2289 1129 2348 trahun-

112 2393 161 2444 tur
175 2383 212 2442 ad
225 2404 347 2464 poenam.
401 2383 434 2444 si
446 2391 568 2441 mortem
582 2381 719 2442 meruisse
729 2383 852 2460 judicas,
867 2383 969 2443 saltem
981 2383 1129 2446 ministros

113 2481 247 2560 supplicii
266 2481 375 2540 muta.”
416 2479 538 2540 'Amico
563 2479 667 2555 animo,
688 2479 714 2539 si
726 2480 788 2540 veri
812 2481 923 2558 patiens
946 2481 1058 2557 fuisset,
1080 2481 1128 2541 ad·

110 2577 289 2638 monebatur.
331 2575 390 2638 Sed
412 2575 444 2634 in
467 2575 578 2636 rabiem
601 2575 646 2634 ira
667 2566 844 2654 pervenerat
895 2575 1001 2657 Itaque
1027 2597 1129 2639 rursus

113 2671 191 2749 (nam
203 2691 366 2752 parumper,
379 2671 483 2752 quibus
497 2671 668 2750 imperatum
682 2679 753 2748 erat,
767 2669 981 2753 dubitaverant)
995 2673 1086 2752 mergi
1097 2675 1129 2732 in

111 2787 231 2842 amnem,
247 2768 322 2826 sicut
335 2766 424 2827 vincti
439 2773 530 2841 erant,
550 2767 649 2844 jussit.
690 2765 737 2824 Ne
750 2765 806 2825 hoe
818 2765 937 2845 quidem
957 2767 1129 2844 supplicium

112 2863 286 2922 seditionem
308 2862 433 2920 militum
456 2862 554 2922 movit.
608 2861 741 2940 Namque
765 2859 912 2939 copiarum
936 2859 1022 2919 duces
1045 2868 1129 2941 atque

113 2957 220 3016 amiam
233 2957 295 3032 ejus
308 2956 447 3034 manipuli
460 2956 583 3032 adeunt,
606 2963 745 3034 petentes,
759 2962 793 3013 ut
811 2955 837 3015 si
856 2975 928 3034 quos
945 2955 1037 3016 adhue
1056 2957 1126 3036 pris·

111 3051 176 3110 tinet
198 3056 274 3111 noxa
293 3049 437 3128 judiearet
450 3069 512 3108 esse
535 3057 690 3126 contactos,
708 3049 824 3127 juberet
844 3051 974 3112 interfici.
1018 3049 1128 3115 Offerre

111 3168 143 3210 se
156 3167 275 3226 corpora
288 3146 350 3221 irae,
365 3144 551 3205 'trucidaret

572 3239 699 3306 [Tandem
722 3241 862 3291 constantia
883 3246 928 3293 sut
951 3241 1069 3296 vicerunt
1091 3262 1126 3294 re·

112 3342 177 3393 gem,
197 3329 227 3373 ut
245 3323 277 3373 ad
295 3340 322 3374 se
341 3321 461 3389 prodiret,
482 3326 509 3372 et
527 3321 683 3371 reconciliati
701 3320 780 3371 animi
798 3329 867 3375 certa
883 3324 956 3390 signa
973 3325 1126 3375 ostenderet

111 3407 206 3456 Decem
218 3403 318 3454 nimiter
325 3401 407 3452 millia
417 3406 606 3462 veteranorum,
617 3401 711 3469 quibus
723 3403 841 3456 Craterus
859 3405 979 3472 prefecit,
992 3404 1127 3471 stipendiis

111 3485 238 3552 donisque
248 3489 335 3538 raetos
346 3484 373 3534 in
384 3483 495 3550 patriam
504 3483 615 3545 dimisit3
632 3483 715 3536 literis
725 3485 759 3536 ad
770 3486 937 3554 Antipatrum
946 3485 1019 3542 datia,
1033 3483 1127 3550 quibus

111 3569 234 3618 honorem
251 3565 363 3617 emeritis
379 3565 473 3616 habere
484 3565 615 3632 praecepit,
629 3570 660 3616 nt
676 3565 805 3633 inprimis
825 3567 958 3620 ordinibus
976 3569 1003 3614 et
1013 3565 1126 3615 coronati

112 3650 186 3700 ludos
193 3653 345 3716 spectarent,
357 3652 382 3698 et
389 3647 463 3696 liberi
471 3648 662 3699 demortuorum
673 3647 701 3698 in
709 3648 835 3716 stipendia
843 3652 948 3712 paterna
955 3645 1126 3698 auecederant

112 3731 204 3782 Iisdem
216 3729 296 3778 literis
306 3727 473 3794 Antipatrum
484 3745 542 3778 cum
553 3729 680 3780 tironibus
691 3729 723 3779 ad
734 3747 761 3778 so
773 3725 881 3786 vocavit,
895 3728 998 3776 Cratero
1010 3725 1128 3778 inlocum

110 3813 165 3880 ejus
182 3812 295 3861 suffecto.
331 3809 479 3860 Verebatur
498 3806 897 3874 enim,nediaeordiap1·aeieeti
919 3811 945 3857 et
964 3807 1128 3874 Olympiadis

111 3891 256 3960 reipublicae
269 3891 392 3942 damnum
402 3890 524 3952 inferrem
541 3889 777 3958 quippemutudad
787 3903 874 3953 regem
886 3887 1014 3940 criminati
1021 3890 1128 3941 inerant
