2642 4386
397 343 522 386 urana
549 342 639 384 vru.
670 341 757 384 err.
790 343 833 384 11.
1067 325 1121 384 tet

31 511 42 548 ι
112 482 226 557 tium
247 501 295 542 me
316 481 393 542 iuter
413 475 647 560 cpulac'occieus
670 489 722 544 eet
763 479 829 554 Qus
848 499 924 544 nuno
944 481 1123 542 eccmicret

31 609 42 644 r
112 577 238 638 10100101
279 579 298 606 ²¹
307 576 449 638 Omnibus
461 577 525 654 ejus
546 595 621 636 unus
641 595 899 656 supereum,que1n
919 575 1013 636 solnm
1032 575 1124 653 aequis

31 705 36 740 ,ν
113 673 207 734 oculis
220 672 319 732 videre
332 691 388 732 non
407 671 524 749 poterit
566 671 609 732 Et
629 691 691 751 ego,
705 679 885 732 auratorum
897 690 1025 730 meorum
1037 669 1122 744 lab-c,

112 775 240 828 revertar
253 767 283 825 in
295 767 427 844 petriam,
439 772 474 824 ut
493 785 530 824 ne
551 765 681 826 dextram
694 766 808 846 quidem
831 766 948 841 nutrici,
963 767 981 796 ¹⁸
992 765 1053 826 sine
1066 784 1123 824 me·

113 863 204 922 morit
218 862 389 922 calamitatis
402 864 474 939 ejus,
489 861 591 920 offerre
614 860 769 940 possim1'’
811 861 853 920 ne
875 863 942 920 edm
954 861 1020 920 finis
1032 861 1123 939 lacry-

113 957 168 1016 mis
179 957 359 1037 querelisque
372 975 430 1016 non
442 957 534 1031 fieret,
545 958 630 1045 jusqu
643 957 797 1018 amicorum
811 975 916 1034 eorpus
929 956 1058 1016 ablatum
1071 961 1123 1016 est.

30 1087 34 1126 2
113 1052 315 1112 Rextriduum
334 1052 428 1129 jacuit
451 1051 587 1112 inclusus
629 1051 721 1122 Quem
733 1060 769 1111 ut
791 1051 928 1131 armigeri
941 1050 1126 1129 corporisque

112 1147 242 1208 00010100
255 1147 294 1206 ad
305 1146 484 1208 moriendum
496 1146 672 1206 obstinatum
692 1167 754 1208 esee
777 1153 979 1226 cognoverunt,
999 1143 1126 1207 universi

112 1261 143 1300 m
154 1241 371 1304 tabernuculum
392 1241 564 1318 irrumpunt,
578 1241 683 1319 diuque
703 1242 836 1318 precibus
857 1241 985 1319 ipsorum
1004 1241 1125 1300 relucta·

112 1345 174 1396 tnm
196 1339 275 1416 aegrc
289 1335 422 1396 vioerrmt
442 1341 477 1393 nt
499 1335 594 1394 eibum
614 1343 736 1412 caperet.
779 1335 898 1415 Quoque
920 1335 1127 1396 0100οο00110

29 1477 31 1514 4
111 1431 244 1508 puderet,
263 1431 329 1506 jure
341 1429 526 1488 interfectum
540 1426 651 1488 Olitum
674 1429 846 1488 Macedones
860 1430 1023 1504 decernunt,
1036 1429 1127 1507 sepul·

114 1529 183 1584 tunt
196 1543 307 1602 queque
328 1523 512 1600 prohibituri,
525 1523 555 1581 ni
577 1523 644 1582 Rex
657 1523 770 1584 humari
780 1525 922 1601 jussisset.
963 1523 1060 1602 Igitur
1079 1523 1130 1582 de·

115 1637 177 1678 cem
200 1618 310 1694 diebus,
327 1618 480 1678 “manime
501 1618 540 1676 ad
560 1618 781 1678 confirmandum
804 1620 950 1697 pudorem,
964 1618 1042 1696 apud
1065 1617 1127 1678 Ma·

113 1713 259 1772 racundo·
276 1713 459 1791 consumptis,
493 1733 558 1774 cum
591 1721 675 1792 purte
707 1715 854 1774 exercitiis
888 1714 1127 1792 Hephaestionem

113 1808 146 1866 in
165 1807 310 1887 regionem
331 1807 517 1868 Bactrianam
539 1808 630 1885 misit,
643 1817 819 1873 commeatus
842 1810 874 1868 in
895 1810 1026 1888 hyemem
1045 1829 1128 1888 para·

112 1911 220 1963 turum.
263 1902 558 1976 ermelinum
578 1904 772 1966 destinaverat
790 1905 976 1984 provinciam,
989 1905 1130 1984 Amynta

115 1998 207 2058 dedit
551 2037 554 2044 ·

175 2097 203 2152 9.
224 2092 294 2170 Ipse
317 2093 454 2170 Xenippa
475 2093 615 2170 pervenit.
672 2093 800 2171 Scythiee
826 2094 942 2152 confinis
968 2101 1013 2154 cst
1039 2094 1128 2173 regio,

114 2186 323 2266 habitaturque
345 2187 478 2264 pluribus
508 2206 542 2246 ac
572 2187 769 2266 frequentibus
795 2187 885 2264 vieis;
919 2187 988 2265 qnia
1013 2187 1131 2248 ubertas

113 2289 203 2342 terren
226 2301 284 2340 non
306 2281 457 2360 indigenas
478 2281 563 2340 modb
577 2281 696 2356 detinet,
709 2281 760 2342 sed
780 2281 868 2340 etiam
880 2281 1004 2342 advenas
1017 2281 1128 2342 invitat

114 2377 339 2438 Bactrianorum
362 2375 488 2450 exulum,
510 2376 561 2455 qui
583 2376 621 2436 ab
642 2376 811 2436 Alexandro
838 2375 1008 2452 deiecerant,
1035 2395 1131 2455 recep·

114 2473 245 2532 taculum
271 2473 373 2532 fuerat.
429 2471 487 2532 Sed
513 2473 665 2551 postquem
688 2472 800 2552 Regem
826 2472 983 2532 0110001010
1004 2491 1130 2552 comper·

115 2575 180 2628 tum
193 2575 248 2644 est,
261 2567 340 2646 pulsi
363 2567 400 2627 ab
422 2567 525 2626 incolis
539 2566 596 2626 duc
609 2567 701 2626 millia
721 2568 781 2626 fere
802 2574 832 2626 et
853 2568 969 2628 ducenti
990 2569 1130 2648 ¹'congre-

114 2671 230 2744 gantur.
293 2662 401 2724 Omnes
434 2663 545 2741 equites
573 2669 663 2738 erant,
693 2663 782 2722 etiam
810 2663 841 2722 in
870 2683 940 2740 puce
970 2664 1130 2724 latrociniis

116 2757 235 2818 0000011.
277 2757 353 2816 Tum
375 2757 481 2816 ferocia
501 2757 619 2836 ingenia
639 2777 696 2818 non
719 2758 828 2818 bellum
850 2757 945 2832 modb,
967 2757 1018 2816 sed
1044 2758 1132 2818 etiam

117 2853 212 2914 veniae
240 2853 401 2928 desperatio
427 2853 600 2914 efferaverat.
656 2852 758 2930 Itaque
790 2872 828 2910 ex
854 2852 1009 2928 improviso
1036 2852 1133 2916 adorti

119 2948 281 3024 Amyntam
294 2946 454 3006 Praetorem
467 2947 638 3022 Alexandri,
652 2947 702 3006 dic
726 2965 830 3023 anceps
851 2946 982 3024 praelium
994 2947 1131 3012 fecerunt.

101 3041 173 3102 -Ad
194 3040 329 3099 ultimum
349 3040 537 3119 septingentis
558 3061 676 3102 suorum
697 3041 819 3116 amissis,
832 3061 952 3120 quorum
973 3063 1026 3104 occ
1039 3044 1133 3106 hostia

116 3137 204 3216 cepit,
219 3136 325 3196 dedere
346 3143 428 3215 terga
441 3136 697 3198 victoribusaehaud
711 3139 780 3196 sanc
799 3138 904 3200 inulti:
923 3139 1028 3218 quippe
1052 3159 1131 3200 cxxx

120 3234 313 3294 Macedonum
334 3231 551 3307 interfecerunt,
565 3240 728 3313 praeterque
750 3253 798 3296 eos
819 3237 939 3296 trecenti
953 3245 983 3296 et
996 3238 1132 3318 quinqua·

118 3327 202 3408 ginta
225 3328 316 3388 saucii
338 3328 410 3388 facti
431 3335 517 3388 sunt:
539 3328 651 3388 venium
672 3335 767 3390 tamen
791 3331 879 3390 ctiam
899 3339 967 3411 pest
988 3333 1133 3390 ¹⁸alteram

119 3423 307 3484 desectionem
314 3423 549 3501 impetraverunt.
581 3423 640 3496 His
653 3424 684 3482 in
696 3424 781 3486 fidem
790 3427 924 3504 acceptis,
935 3427 967 3486 in
980 3426 1132 3502 regionem,

116 3538 204 3598 qnam
227 3519 371 3578 Nautaca
393 3518 549 3596 appellant,
571 3518 638 3578 Rex
651 3538 715 3580 cum
737 3527 800 3582 1010
814 3521 942 3580 exercitu
954 3518 1058 3578 venit
1083 3516 1133 3576 Sa·

119 3621 217 3692 trupes
241 3620 304 3672 erat
327 3612 523 3690 Sysimithres‚
538 3613 647 3676 duobus
671 3635 708 3674 ex
730 3621 784 3676 snt
804 3622 898 3674 matre
920 3611 988 3670 tiliis
1009 3610 1132 3688 genitis:

118 3708 224 3786 quippe
248 3707 324 3784 apud
347 3725 396 3766 eos
416 3709 587 3784 parentibus
607 3717 710 3787 stupro
723 3709 800 3768 coire
822 3726 886 3765 cum
907 3705 1008 3765 liberis
1020 3704 1065 3764 fas
1078 3713 1132 3768 eat.

130 3802 192 3879 ⁷15
205 3803 322 3864 emtis
334 3802 530 3882 pcpnlcribus,
543 3805 642 3866 fauces
662 3804 797 3882 regionis,
811 3803 870 3879 qut
889 3800 922 3858 in
941 3801 1134 3862 arctissimum
