<?xml version="1.0" encoding="UTF-8"?>
<!DOCTYPE html PUBLIC "-//W3C//DTD XHTML 1.0 Transitional//EN"
    "http://www.w3.org/TR/xhtml1/DTD/xhtml1-transitional.dtd">
<html xmlns="http://www.w3.org/1999/xhtml" xml:lang="en" lang="en">
 <head>
  <title>
</title>
<meta http-equiv="Content-Type" content="text/html;charset=utf-8" />
  <meta name='ocr-system' content='tesseract 3.04.00' />
  <meta name='ocr-capabilities' content='ocr_page ocr_carea ocr_par ocr_line ocrx_word'/>
</head>
<body>
  <div class='ocr_page' id='page_1' title='image "./quintuscurtiusr00cellgoog_0189.png"; bbox 0 0 2642 4386; ppageno 0'>
   <div class='ocr_carea' id='block_1_1' title="bbox 206 359 862 422">
    <p class='ocr_par' dir='ltr' id='par_1_1' title="bbox 206 359 862 422">
     <span class='ocr_line' id='line_1_1' title="bbox 206 359 862 422; baseline -0.009 -2"><span class='ocrx_word' id='word_1_1' title='bbox 206 359 264 420; x_wconf 73' lang='lat' dir='ltr'><strong>lit</strong></span> <span class='ocrx_word' id='word_1_2' title='bbox 549 371 862 422; x_wconf 71' lang='lat' dir='ltr'><strong>cursuscursus</strong></span> 
     </span>
    </p>
   </div>
   <div class='ocr_carea' id='block_1_2' title="bbox 205 509 1290 1064">
    <p class='ocr_par' dir='ltr' id='par_1_2' title="bbox 205 509 1290 1064">
     <span class='ocr_line' id='line_1_2' title="bbox 206 509 1238 592; baseline -0.008 -17"><span class='ocrx_word' id='word_1_3' title='bbox 206 521 283 576; x_wconf 80' lang='lat' dir='ltr'><strong>cunt</strong></span> <span class='ocrx_word' id='word_1_4' title='bbox 338 514 407 574; x_wconf 85' lang='lat' dir='ltr'><strong>Rex</strong></span> <span class='ocrx_word' id='word_1_5' title='bbox 419 533 478 573; x_wconf 90' lang='lat' dir='ltr'><strong>nou</strong></span> <span class='ocrx_word' id='word_1_6' title='bbox 491 513 626 592; x_wconf 87' lang='lat' dir='ltr'><strong>cupidine</strong></span> <span class='ocrx_word' id='word_1_7' title='bbox 637 513 731 592; x_wconf 79' lang='lat' dir='ltr'><strong>magis</strong></span> <span class='ocrx_word' id='word_1_8' title='bbox 754 511 888 590; x_wconf 73' lang='lat' dir='ltr'><strong>potiundi</strong></span> <span class='ocrx_word' id='word_1_9' title='bbox 910 511 976 586; x_wconf 88' lang='lat' dir='ltr'><strong>loci,</strong></span> <span class='ocrx_word' id='word_1_10' title='bbox 991 511 1081 590; x_wconf 74' lang='lat' dir='ltr'><strong>quiam</strong></span> <span class='ocrx_word' id='word_1_11' title='bbox 1096 510 1120 540; x_wconf 87' lang='lat'><strong>¹¹</strong></span> <span class='ocrx_word' id='word_1_12' title='bbox 1133 509 1238 570; x_wconf 79' lang='lat' dir='ltr'><strong>vicem</strong></span> 
     </span>
     <span class='ocr_line' id='line_1_3' title="bbox 205 603 1235 689; baseline -0.005 -20"><span class='ocrx_word' id='word_1_13' title='bbox 205 629 313 684; x_wconf 90' lang='lat' dir='ltr'><strong>eorum,</strong></span> <span class='ocrx_word' id='word_1_14' title='bbox 327 629 400 689; x_wconf 90' lang='lat' dir='ltr'><strong>quos</strong></span> <span class='ocrx_word' id='word_1_15' title='bbox 413 609 452 668; x_wconf 88' lang='lat' dir='ltr'><strong>ad</strong></span> <span class='ocrx_word' id='word_1_16' title='bbox 465 617 526 668; x_wconf 89' lang='lat' dir='ltr'><strong>tam</strong></span> <span class='ocrx_word' id='word_1_17' title='bbox 539 610 724 668; x_wconf 80' lang='lat' dir='ltr'><strong>manifestum</strong></span> <span class='ocrx_word' id='word_1_18' title='bbox 746 607 908 685; x_wconf 88' lang='lat' dir='ltr'><strong>periculum</strong></span> <span class='ocrx_word' id='word_1_19' title='bbox 921 607 1050 681; x_wconf 86' lang='lat' dir='ltr'><strong>miserat,</strong></span> <span class='ocrx_word' id='word_1_20' title='bbox 1066 603 1235 679; x_wconf 71' lang='lat' dir='ltr'><strong>sollicitus</strong></span> 
     </span>
     <span class='ocr_line' id='line_1_4' title="bbox 205 701 1236 764; baseline -0.005 0"><span class='ocrx_word' id='word_1_21' title='bbox 205 713 269 764; x_wconf 88' lang='lat' dir='ltr'><strong>tcto</strong></span> <span class='ocrx_word' id='word_1_22' title='bbox 293 705 340 764; x_wconf 90' lang='lat' dir='ltr'><strong>die</strong></span> <span class='ocrx_word' id='word_1_23' title='bbox 364 705 514 764; x_wconf 85' lang='lat' dir='ltr'><strong>cacumina</strong></span> <span class='ocrx_word' id='word_1_24' title='bbox 536 705 644 763; x_wconf 83' lang='lat' dir='ltr'><strong>montis</strong></span> <span class='ocrx_word' id='word_1_25' title='bbox 670 704 787 762; x_wconf 87' lang='lat' dir='ltr'><strong>intuens</strong></span> <span class='ocrx_word' id='word_1_26' title='bbox 814 702 931 762; x_wconf 83' lang='lat' dir='ltr'><strong>restitit.</strong></span> <span class='ocrx_word' id='word_1_27' title='bbox 982 701 1084 761; x_wconf 89' lang='lat' dir='ltr'><strong>Noctu</strong></span> <span class='ocrx_word' id='word_1_28' title='bbox 1106 701 1236 760; x_wconf 88' lang='lat' dir='ltr'><strong>demum</strong></span> 
     </span>
     <span class='ocr_line' id='line_1_5' title="bbox 206 796 1290 880; baseline -0.006 -20"><span class='ocrx_word' id='word_1_29' title='bbox 206 801 274 860; x_wconf 81' lang='lat' dir='ltr'><strong>edm</strong></span> <span class='ocrx_word' id='word_1_30' title='bbox 287 799 449 860; x_wconf 71' lang='lat' dir='ltr'><strong>obscuritas</strong></span> <span class='ocrx_word' id='word_1_31' title='bbox 463 806 647 878; x_wconf 87' lang='lat' dir='ltr'><strong>conspectum</strong></span> <span class='ocrx_word' id='word_1_32' title='bbox 660 798 809 858; x_wconf 92' lang='lat' dir='ltr'><strong>oculorum</strong></span> <span class='ocrx_word' id='word_1_33' title='bbox 822 796 985 871; x_wconf 78' lang='lat' dir='ltr'><strong>ademisset,</strong></span> <span class='ocrx_word' id='word_1_34' title='bbox 1000 796 1039 855; x_wconf 88' lang='lat' dir='ltr'><strong>cd</strong></span> <span class='ocrx_word' id='word_1_35' title='bbox 1060 797 1235 855; x_wconf 84' lang='lat' dir='ltr'><strong>curandum</strong></span> <span class='ocrx_word' id='word_1_36' title='bbox 1289 871 1290 880; x_wconf 9' lang='grc' dir='ltr'>ἵ</span> 
     </span>
     <span class='ocr_line' id='line_1_6' title="bbox 206 881 1290 974; baseline -0.006 -20"><span class='ocrx_word' id='word_1_37' title='bbox 206 911 312 974; x_wconf 88' lang='lat' dir='ltr'><strong>corpus</strong></span> <span class='ocrx_word' id='word_1_38' title='bbox 325 895 452 954; x_wconf 83' lang='lat' dir='ltr'><strong>recessit</strong></span> <span class='ocrx_word' id='word_1_39' title='bbox 1289 881 1290 956; x_wconf 78' lang='lat' dir='ltr'><strong>l</strong></span> 
     </span>
     <span class='ocr_line' id='line_1_7' title="bbox 266 985 1233 1064; baseline -0.004 -16"><span class='ocrx_word' id='word_1_40' title='bbox 266 993 313 1048; x_wconf 81' lang='lat'><strong>42.</strong></span> <span class='ocrx_word' id='word_1_41' title='bbox 336 990 460 1048; x_wconf 89' lang='lat' dir='ltr'><strong>Postero</strong></span> <span class='ocrx_word' id='word_1_42' title='bbox 485 988 532 1046; x_wconf 89' lang='lat' dir='ltr'><strong>die</strong></span> <span class='ocrx_word' id='word_1_43' title='bbox 555 987 684 1046; x_wconf 88' lang='lat' dir='ltr'><strong>nondum</strong></span> <span class='ocrx_word' id='word_1_44' title='bbox 709 986 781 1046; x_wconf 90' lang='lat' dir='ltr'><strong>satis</strong></span> <span class='ocrx_word' id='word_1_45' title='bbox 808 985 888 1044; x_wconf 78' lang='lat' dir='ltr'><strong>clart</strong></span> <span class='ocrx_word' id='word_1_46' title='bbox 909 985 982 1061; x_wconf 90' lang='lat' dir='ltr'><strong>lucc,</strong></span> <span class='ocrx_word' id='word_1_47' title='bbox 1006 986 1123 1064; x_wconf 89' lang='lat' dir='ltr'><strong>primus</strong></span> <span class='ocrx_word' id='word_1_48' title='bbox 1156 985 1233 1058; x_wconf 83' lang='lat' dir='ltr'><strong>uela,</strong></span> 
     </span>
    </p>
   </div>
   <div class='ocr_carea' id='block_1_3' title="bbox 208 1080 1290 3827">
    <p class='ocr_par' dir='ltr' id='par_1_3' title="bbox 208 1080 1290 3827">
     <span class='ocr_line' id='line_1_8' title="bbox 208 1080 1290 1162; baseline -0.005 -19"><span class='ocrx_word' id='word_1_49' title='bbox 208 1085 323 1162; x_wconf 83' lang='lat' dir='ltr'><strong>signum</strong></span> <span class='ocrx_word' id='word_1_50' title='bbox 347 1083 426 1160; x_wconf 87' lang='lat' dir='ltr'><strong>eapti</strong></span> <span class='ocrx_word' id='word_1_51' title='bbox 448 1082 577 1158; x_wconf 77' lang='lat' dir='ltr'><strong>verticis,</strong></span> <span class='ocrx_word' id='word_1_52' title='bbox 593 1082 753 1160; x_wconf 78' lang='lat' dir='ltr'><strong>conspexit</strong></span> <span class='ocrx_word' id='word_1_53' title='bbox 797 1080 856 1141; x_wconf 87' lang='lat' dir='ltr'><strong>Sed</strong></span> <span class='ocrx_word' id='word_1_54' title='bbox 878 1100 915 1140; x_wconf 92' lang='lat' dir='ltr'><strong>ue</strong></span> <span class='ocrx_word' id='word_1_55' title='bbox 939 1080 1093 1140; x_wconf 85' lang='lat' dir='ltr'><strong>falleretur</strong></span> <span class='ocrx_word' id='word_1_56' title='bbox 1110 1081 1232 1153; x_wconf 68' lang='lat' dir='ltr'><strong>“acies</strong></span> <span class='ocrx_word' id='word_1_57' title='bbox 1289 1097 1290 1152; x_wconf 62' lang='lat' dir='ltr'><strong>l</strong></span> 
     </span>
     <span class='ocr_line' id='line_1_9' title="bbox 208 1163 1290 1256; baseline -0.005 -18"><span class='ocrx_word' id='word_1_58' title='bbox 208 1178 343 1238; x_wconf 86' lang='lat' dir='ltr'><strong>dubitare</strong></span> <span class='ocrx_word' id='word_1_59' title='bbox 366 1177 488 1256; x_wconf 84' lang='lat' dir='ltr'><strong>cogebat</strong></span> <span class='ocrx_word' id='word_1_60' title='bbox 510 1177 637 1238; x_wconf 85' lang='lat' dir='ltr'><strong>varietas</strong></span> <span class='ocrx_word' id='word_1_61' title='bbox 659 1176 733 1251; x_wconf 87' lang='lat' dir='ltr'><strong>cosli,</strong></span> <span class='ocrx_word' id='word_1_62' title='bbox 756 1193 834 1234; x_wconf 88' lang='lat' dir='ltr'><strong>nune</strong></span> <span class='ocrx_word' id='word_1_63' title='bbox 857 1175 1045 1234; x_wconf 82' lang='lat' dir='ltr'><strong>internitente</strong></span> <span class='ocrx_word' id='word_1_64' title='bbox 1073 1175 1157 1234; x_wconf 87' lang='lat' dir='ltr'><strong>lucis</strong></span> <span class='ocrx_word' id='word_1_65' title='bbox 1180 1174 1232 1234; x_wconf 79' lang='lat' dir='ltr'><strong>iul·</strong></span> <span class='ocrx_word' id='word_1_66' title='bbox 1289 1163 1290 1210; x_wconf 79' lang='lat' dir='ltr'><strong>l</strong></span> 
     </span>
     <span class='ocr_line' id='line_1_10' title="bbox 208 1271 1231 1354; baseline -0.006 -20"><span class='ocrx_word' id='word_1_67' title='bbox 208 1294 287 1354; x_wconf 83' lang='lat' dir='ltr'><strong>gore,</strong></span> <span class='ocrx_word' id='word_1_68' title='bbox 300 1293 377 1334; x_wconf 88' lang='lat' dir='ltr'><strong>nuno</strong></span> <span class='ocrx_word' id='word_1_69' title='bbox 391 1272 516 1334; x_wconf 90' lang='lat' dir='ltr'><strong>condito.</strong></span> <span class='ocrx_word' id='word_1_70' title='bbox 559 1272 675 1332; x_wconf 79' lang='lat' dir='ltr'><strong>Verum</strong></span> <span class='ocrx_word' id='word_1_71' title='bbox 697 1278 732 1330; x_wconf 91' lang='lat' dir='ltr'><strong>ut</strong></span> <span class='ocrx_word' id='word_1_72' title='bbox 754 1271 892 1350; x_wconf 85' lang='lat' dir='ltr'><strong>liquidior</strong></span> <span class='ocrx_word' id='word_1_73' title='bbox 911 1271 963 1330; x_wconf 88' lang='lat' dir='ltr'><strong>lux</strong></span> <span class='ocrx_word' id='word_1_74' title='bbox 983 1271 1123 1350; x_wconf 86' lang='lat' dir='ltr'><strong>apparuit</strong></span> <span class='ocrx_word' id='word_1_75' title='bbox 1146 1271 1231 1343; x_wconf 85' lang='lat' dir='ltr'><strong>eoelo,</strong></span> 
     </span>
     <span class='ocr_line' id='line_1_11' title="bbox 210 1363 1232 1447; baseline -0.005 -19"><span class='ocrx_word' id='word_1_76' title='bbox 210 1369 355 1429; x_wconf 75' lang='lat' dir='ltr'><strong>dubitatio</strong></span> <span class='ocrx_word' id='word_1_77' title='bbox 383 1375 517 1447; x_wconf 87' lang='lat' dir='ltr'><strong>exempta</strong></span> <span class='ocrx_word' id='word_1_78' title='bbox 549 1373 601 1426; x_wconf 91' lang='lat' dir='ltr'><strong>est.</strong></span> <span class='ocrx_word' id='word_1_79' title='bbox 658 1363 862 1444; x_wconf 76' lang='lat' dir='ltr'><strong>Vocatumque</strong></span> <span class='ocrx_word' id='word_1_80' title='bbox 896 1364 1024 1444; x_wconf 83' lang='lat' dir='ltr'><strong>(lopban,</strong></span> <span class='ocrx_word' id='word_1_81' title='bbox 1058 1385 1114 1443; x_wconf 88' lang='lat' dir='ltr'><strong>per</strong></span> <span class='ocrx_word' id='word_1_82' title='bbox 1142 1385 1232 1444; x_wconf 91' lang='lat' dir='ltr'><strong>quem</strong></span> 
     </span>
     <span class='ocr_line' id='line_1_12' title="bbox 211 1461 1231 1540; baseline -0.006 -14"><span class='ocrx_word' id='word_1_83' title='bbox 211 1465 411 1526; x_wconf 88' lang='lat' dir='ltr'><strong>Barbarorum</strong></span> <span class='ocrx_word' id='word_1_84' title='bbox 430 1465 540 1524; x_wconf 83' lang='lat' dir='ltr'><strong>animos</strong></span> <span class='ocrx_word' id='word_1_85' title='bbox 562 1467 734 1537; x_wconf 81' lang='lat' dir='ltr'><strong>tentaverat,</strong></span> <span class='ocrx_word' id='word_1_86' title='bbox 756 1461 852 1518; x_wconf 89' lang='lat' dir='ltr'><strong>mittit</strong></span> <span class='ocrx_word' id='word_1_87' title='bbox 873 1461 910 1520; x_wconf 88' lang='lat' dir='ltr'><strong>ad</strong></span> <span class='ocrx_word' id='word_1_88' title='bbox 934 1481 992 1536; x_wconf 88' lang='lat' dir='ltr'><strong>eos,</strong></span> <span class='ocrx_word' id='word_1_89' title='bbox 1013 1461 1064 1540; x_wconf 93' lang='lat' dir='ltr'><strong>qui</strong></span> <span class='ocrx_word' id='word_1_90' title='bbox 1085 1467 1231 1536; x_wconf 85' lang='lat' dir='ltr'><strong>moueret,</strong></span> 
     </span>
     <span class='ocr_line' id='line_1_13' title="bbox 208 1555 1230 1618; baseline -0.004 0"><span class='ocrx_word' id='word_1_91' title='bbox 208 1579 286 1618; x_wconf 90' lang='lat' dir='ltr'><strong>nuno</strong></span> <span class='ocrx_word' id='word_1_92' title='bbox 300 1559 405 1618; x_wconf 82' lang='lat' dir='ltr'><strong>saltem</strong></span> <span class='ocrx_word' id='word_1_93' title='bbox 426 1558 572 1618; x_wconf 81' lang='lat' dir='ltr'><strong>salubrius</strong></span> <span class='ocrx_word' id='word_1_94' title='bbox 597 1555 748 1615; x_wconf 89' lang='lat' dir='ltr'><strong>consilium</strong></span> <span class='ocrx_word' id='word_1_95' title='bbox 771 1555 887 1614; x_wconf 90' lang='lat' dir='ltr'><strong>inirent.</strong></span> <span class='ocrx_word' id='word_1_96' title='bbox 931 1555 983 1616; x_wconf 84' lang='lat' dir='ltr'><strong>Sin</strong></span> <span class='ocrx_word' id='word_1_97' title='bbox 1005 1563 1106 1614; x_wconf 87' lang='lat' dir='ltr'><strong>autem</strong></span> <span class='ocrx_word' id='word_1_98' title='bbox 1119 1557 1230 1615; x_wconf 74' lang='lat' dir='ltr'><strong>fidueit</strong></span> 
     </span>
     <span class='ocr_line' id='line_1_14' title="bbox 209 1650 1229 1730; baseline -0.001 -20"><span class='ocrx_word' id='word_1_99' title='bbox 209 1651 267 1711; x_wconf 92' lang='lat' dir='ltr'><strong>loci</strong></span> <span class='ocrx_word' id='word_1_100' title='bbox 290 1658 515 1730; x_wconf 83' lang='lat' dir='ltr'><strong>perseverarent,</strong></span> <span class='ocrx_word' id='word_1_101' title='bbox 540 1650 694 1709; x_wconf 83' lang='lat' dir='ltr'><strong>ostendis</strong></span> <span class='ocrx_word' id='word_1_102' title='bbox 718 1656 800 1727; x_wconf 85' lang='lat' dir='ltr'><strong>tergo</strong></span> <span class='ocrx_word' id='word_1_103' title='bbox 821 1650 920 1728; x_wconf 89' lang='lat' dir='ltr'><strong>jussit,</strong></span> <span class='ocrx_word' id='word_1_104' title='bbox 936 1650 987 1730; x_wconf 91' lang='lat' dir='ltr'><strong>qui</strong></span> <span class='ocrx_word' id='word_1_105' title='bbox 1007 1658 1149 1728; x_wconf 86' lang='lat' dir='ltr'><strong>ceperant</strong></span> <span class='ocrx_word' id='word_1_106' title='bbox 1171 1671 1229 1711; x_wconf 86' lang='lat' dir='ltr'><strong>ver·</strong></span> 
     </span>
     <span class='ocr_line' id='line_1_15' title="bbox 210 1745 1228 1823; baseline 0.003 -18"><span class='ocrx_word' id='word_1_107' title='bbox 210 1747 304 1806; x_wconf 87' lang='lat' dir='ltr'><strong>tieem.</strong></span> <span class='ocrx_word' id='word_1_108' title='bbox 357 1746 471 1822; x_wconf 80' lang='lat' dir='ltr'><strong>Cophes</strong></span> <span class='ocrx_word' id='word_1_109' title='bbox 495 1745 640 1804; x_wconf 87' lang='lat' dir='ltr'><strong>admissus</strong></span> <span class='ocrx_word' id='word_1_110' title='bbox 667 1745 790 1804; x_wconf 89' lang='lat' dir='ltr'><strong>suadere</strong></span> <span class='ocrx_word' id='word_1_111' title='bbox 816 1746 1072 1823; x_wconf 75' lang='lat' dir='ltr'><strong>erepit-Arimazi,</strong></span> <span class='ocrx_word' id='word_1_112' title='bbox 1104 1747 1228 1808; x_wconf 82' lang='lat' dir='ltr'><strong>Petram</strong></span> 
     </span>
     <span class='ocr_line' id='line_1_16' title="bbox 210 1839 1228 1918; baseline 0.004 -20"><span class='ocrx_word' id='word_1_113' title='bbox 210 1840 334 1914; x_wconf 89' lang='lat' dir='ltr'><strong>tradere,</strong></span> <span class='ocrx_word' id='word_1_114' title='bbox 358 1840 482 1918; x_wconf 84' lang='lat' dir='ltr'><strong>gratiam</strong></span> <span class='ocrx_word' id='word_1_115' title='bbox 506 1839 598 1918; x_wconf 86' lang='lat' dir='ltr'><strong>Regis</strong></span> <span class='ocrx_word' id='word_1_116' title='bbox 619 1839 736 1917; x_wconf 91' lang='lat' dir='ltr'><strong>inituro,</strong></span> <span class='ocrx_word' id='word_1_117' title='bbox 760 1840 786 1899; x_wconf 93' lang='lat' dir='ltr'><strong>si</strong></span> <span class='ocrx_word' id='word_1_118' title='bbox 813 1847 910 1900; x_wconf 85' lang='lat' dir='ltr'><strong>tantas</strong></span> <span class='ocrx_word' id='word_1_119' title='bbox 935 1861 983 1900; x_wconf 92' lang='lat' dir='ltr'><strong>res</strong></span> <span class='ocrx_word' id='word_1_120' title='bbox 1006 1840 1181 1900; x_wconf 87' lang='lat' dir='ltr'><strong>molientem</strong></span> <span class='ocrx_word' id='word_1_121' title='bbox 1200 1844 1228 1902; x_wconf 90' lang='lat' dir='ltr'><strong>iu</strong></span> 
     </span>
     <span class='ocr_line' id='line_1_17' title="bbox 210 1934 1227 2014; baseline 0.002 -20"><span class='ocrx_word' id='word_1_122' title='bbox 210 1935 297 1994; x_wconf 88' lang='lat' dir='ltr'><strong>unius</strong></span> <span class='ocrx_word' id='word_1_123' title='bbox 320 1935 401 2012; x_wconf 91' lang='lat' dir='ltr'><strong>rupis</strong></span> <span class='ocrx_word' id='word_1_124' title='bbox 426 1934 575 1996; x_wconf 87' lang='lat' dir='ltr'><strong>obsidione</strong></span> <span class='ocrx_word' id='word_1_125' title='bbox 598 1934 709 1994; x_wconf 87' lang='lat' dir='ltr'><strong>haerere</strong></span> <span class='ocrx_word' id='word_1_126' title='bbox 732 1955 790 1994; x_wconf 91' lang='lat' dir='ltr'><strong>ncn</strong></span> <span class='ocrx_word' id='word_1_127' title='bbox 812 1936 965 2014; x_wconf 68' lang='lat' dir='ltr'><strong>coegisset</strong></span> <span class='ocrx_word' id='word_1_128' title='bbox 1007 1937 1073 2011; x_wconf 89' lang='lat' dir='ltr'><strong>llle,</strong></span> <span class='ocrx_word' id='word_1_129' title='bbox 1100 1939 1227 1998; x_wconf 79' lang='lat' dir='ltr'><strong>ferocius</strong></span> 
     </span>
     <span class='ocr_line' id='line_1_18' title="bbox 211 2030 1227 2110; baseline 0.001 -20"><span class='ocrx_word' id='word_1_130' title='bbox 211 2030 424 2110; x_wconf 76' lang='lat' dir='ltr'><strong>superbiusque</strong></span> <span class='ocrx_word' id='word_1_131' title='bbox 437 2031 525 2110; x_wconf 76' lang='lat' dir='ltr'><strong>quim</strong></span> <span class='ocrx_word' id='word_1_132' title='bbox 538 2037 623 2089; x_wconf 86' lang='lat' dir='ltr'><strong>antea</strong></span> <span class='ocrx_word' id='word_1_133' title='bbox 636 2030 759 2105; x_wconf 87' lang='lat' dir='ltr'><strong>locutus,</strong></span> <span class='ocrx_word' id='word_1_134' title='bbox 776 2030 796 2060; x_wconf 82' lang='lat'><strong>¹⁸</strong></span> <span class='ocrx_word' id='word_1_135' title='bbox 806 2030 888 2091; x_wconf 83' lang='lat' dir='ltr'><strong>abire</strong></span> <span class='ocrx_word' id='word_1_136' title='bbox 903 2031 1023 2110; x_wconf 81' lang='lat' dir='ltr'><strong>Oophan</strong></span> <span class='ocrx_word' id='word_1_137' title='bbox 1044 2033 1139 2110; x_wconf 83' lang='lat' dir='ltr'><strong>jubet</strong></span> <span class='ocrx_word' id='word_1_138' title='bbox 1186 2035 1227 2092; x_wconf 87' lang='lat' dir='ltr'><strong>At</strong></span> 
     </span>
     <span class='ocr_line' id='line_1_19' title="bbox 211 2124 1226 2206; baseline 0.001 -19"><span class='ocrx_word' id='word_1_139' title='bbox 211 2127 237 2188; x_wconf 91' lang='lat' dir='ltr'><strong>is</strong></span> <span class='ocrx_word' id='word_1_140' title='bbox 251 2127 425 2206; x_wconf 86' lang='lat' dir='ltr'><strong>prehensum</strong></span> <span class='ocrx_word' id='word_1_141' title='bbox 438 2145 526 2186; x_wconf 88' lang='lat' dir='ltr'><strong>manu</strong></span> <span class='ocrx_word' id='word_1_142' title='bbox 551 2124 715 2186; x_wconf 89' lang='lat' dir='ltr'><strong>Barbarum</strong></span> <span class='ocrx_word' id='word_1_143' title='bbox 738 2133 829 2203; x_wconf 87' lang='lat' dir='ltr'><strong>rogat,</strong></span> <span class='ocrx_word' id='word_1_144' title='bbox 844 2133 880 2185; x_wconf 89' lang='lat' dir='ltr'><strong>ut</strong></span> <span class='ocrx_word' id='word_1_145' title='bbox 900 2147 997 2186; x_wconf 90' lang='lat' dir='ltr'><strong>secum</strong></span> <span class='ocrx_word' id='word_1_146' title='bbox 1011 2135 1096 2186; x_wconf 86' lang='lat' dir='ltr'><strong>extra</strong></span> <span class='ocrx_word' id='word_1_147' title='bbox 1110 2149 1226 2206; x_wconf 89' lang='lat' dir='ltr'><strong>specum</strong></span> 
     </span>
     <span class='ocr_line' id='line_1_20' title="bbox 211 2220 1225 2304; baseline 0.001 -22"><span class='ocrx_word' id='word_1_148' title='bbox 211 2223 351 2302; x_wconf 87' lang='lat' dir='ltr'><strong>prodeat:</strong></span> <span class='ocrx_word' id='word_1_149' title='bbox 372 2242 429 2302; x_wconf 94' lang='lat' dir='ltr'><strong>quo</strong></span> <span class='ocrx_word' id='word_1_150' title='bbox 444 2222 606 2300; x_wconf 86' lang='lat' dir='ltr'><strong>impetrato,</strong></span> <span class='ocrx_word' id='word_1_151' title='bbox 619 2223 740 2298; x_wconf 88' lang='lat' dir='ltr'><strong>juvenes</strong></span> <span class='ocrx_word' id='word_1_152' title='bbox 753 2220 784 2278; x_wconf 90' lang='lat' dir='ltr'><strong>in</strong></span> <span class='ocrx_word' id='word_1_153' title='bbox 793 2221 941 2280; x_wconf 85' lang='lat' dir='ltr'><strong>cacumine</strong></span> <span class='ocrx_word' id='word_1_154' title='bbox 955 2223 1092 2298; x_wconf 87' lang='lat' dir='ltr'><strong>ostendit,</strong></span> <span class='ocrx_word' id='word_1_155' title='bbox 1106 2227 1225 2304; x_wconf 88' lang='lat' dir='ltr'><strong>ejusque</strong></span> 
     </span>
     <span class='ocr_line' id='line_1_21' title="bbox 212 2315 1225 2397; baseline 0.001 -19"><span class='ocrx_word' id='word_1_156' title='bbox 212 2317 355 2397; x_wconf 85' lang='lat' dir='ltr'><strong>superbiae</strong></span> <span class='ocrx_word' id='word_1_157' title='bbox 377 2317 456 2376; x_wconf 87' lang='lat' dir='ltr'><strong>haud</strong></span> <span class='ocrx_word' id='word_1_158' title='bbox 480 2317 624 2376; x_wconf 86' lang='lat' dir='ltr'><strong>immeritd</strong></span> <span class='ocrx_word' id='word_1_159' title='bbox 647 2315 781 2390; x_wconf 88' lang='lat' dir='ltr'><strong>illudens,</strong></span> <span class='ocrx_word' id='word_1_160' title='bbox 802 2317 906 2394; x_wconf 87' lang='lat' dir='ltr'><strong>pinnas</strong></span> <span class='ocrx_word' id='word_1_161' title='bbox 928 2318 971 2376; x_wconf 87' lang='lat' dir='ltr'><strong>ait</strong></span> <span class='ocrx_word' id='word_1_162' title='bbox 992 2317 1099 2378; x_wconf 86' lang='lat' dir='ltr'><strong>habere</strong></span> <span class='ocrx_word' id='word_1_163' title='bbox 1120 2320 1225 2380; x_wconf 82' lang='lat' dir='ltr'><strong>milites</strong></span> 
     </span>
     <span class='ocr_line' id='line_1_22' title="bbox 212 2411 1224 2490; baseline 0.001 -17"><span class='ocrx_word' id='word_1_164' title='bbox 212 2413 388 2473; x_wconf 78' lang='lat' dir='ltr'><strong>Alexandri.</strong></span> <span class='ocrx_word' id='word_1_165' title='bbox 442 2412 568 2490; x_wconf 84' lang='lat' dir='ltr'><strong>Jamque</strong></span> <span class='ocrx_word' id='word_1_166' title='bbox 582 2431 598 2470; x_wconf 91' lang='lat' dir='ltr'><strong>e</strong></span> <span class='ocrx_word' id='word_1_167' title='bbox 612 2411 805 2470; x_wconf 86' lang='lat' dir='ltr'><strong>Macedonum</strong></span> <span class='ocrx_word' id='word_1_168' title='bbox 829 2412 934 2471; x_wconf 85' lang='lat' dir='ltr'><strong>castris</strong></span> <span class='ocrx_word' id='word_1_169' title='bbox 948 2413 1095 2490; x_wconf 85' lang='lat' dir='ltr'><strong>signorum</strong></span> <span class='ocrx_word' id='word_1_170' title='bbox 1110 2433 1224 2474; x_wconf 85' lang='lat' dir='ltr'><strong>concen-</strong></span> 
     </span>
     <span class='ocr_line' id='line_1_23' title="bbox 213 2504 1225 2586; baseline 0.002 -20"><span class='ocrx_word' id='word_1_171' title='bbox 213 2515 271 2581; x_wconf 87' lang='lat' dir='ltr'><strong>tus,</strong></span> <span class='ocrx_word' id='word_1_172' title='bbox 286 2514 316 2564; x_wconf 89' lang='lat' dir='ltr'><strong>et</strong></span> <span class='ocrx_word' id='word_1_173' title='bbox 337 2506 428 2562; x_wconf 87' lang='lat' dir='ltr'><strong>totius</strong></span> <span class='ocrx_word' id='word_1_174' title='bbox 452 2506 601 2564; x_wconf 75' lang='lat' dir='ltr'><strong>exercitiis</strong></span> <span class='ocrx_word' id='word_1_175' title='bbox 625 2504 732 2586; x_wconf 86' lang='lat' dir='ltr'><strong>clamor</strong></span> <span class='ocrx_word' id='word_1_176' title='bbox 756 2505 937 2567; x_wconf 89' lang='lat' dir='ltr'><strong>audiebatur.</strong></span> <span class='ocrx_word' id='word_1_177' title='bbox 979 2507 1025 2567; x_wconf 80' lang='lat' dir='ltr'><strong>Ila</strong></span> <span class='ocrx_word' id='word_1_178' title='bbox 1043 2527 1099 2584; x_wconf 88' lang='lat' dir='ltr'><strong>res,</strong></span> <span class='ocrx_word' id='word_1_179' title='bbox 1124 2509 1225 2570; x_wconf 84' lang='lat' dir='ltr'><strong>¹‘sicut</strong></span> 
     </span>
     <span class='ocr_line' id='line_1_24' title="bbox 212 2599 1221 2680; baseline 0.006 -20"><span class='ocrx_word' id='word_1_180' title='bbox 212 2601 350 2680; x_wconf 88' lang='lat' dir='ltr'><strong>pleraque</strong></span> <span class='ocrx_word' id='word_1_181' title='bbox 364 2599 435 2659; x_wconf 89' lang='lat' dir='ltr'><strong>belli</strong></span> <span class='ocrx_word' id='word_1_182' title='bbox 448 2619 522 2659; x_wconf 89' lang='lat' dir='ltr'><strong>vana</strong></span> <span class='ocrx_word' id='word_1_183' title='bbox 535 2607 565 2658; x_wconf 91' lang='lat' dir='ltr'><strong>et</strong></span> <span class='ocrx_word' id='word_1_184' title='bbox 588 2600 692 2674; x_wconf 89' lang='lat' dir='ltr'><strong>inania,</strong></span> <span class='ocrx_word' id='word_1_185' title='bbox 708 2600 854 2662; x_wconf 88' lang='lat' dir='ltr'><strong>Barbaros</strong></span> <span class='ocrx_word' id='word_1_186' title='bbox 869 2603 907 2661; x_wconf 84' lang='lat' dir='ltr'><strong>ad</strong></span> <span class='ocrx_word' id='word_1_187' title='bbox 929 2603 1110 2663; x_wconf 87' lang='lat' dir='ltr'><strong>deditionem</strong></span> <span class='ocrx_word' id='word_1_188' title='bbox 1124 2607 1221 2665; x_wconf 74' lang='lat' dir='ltr'><strong>traxit</strong></span> 
     </span>
     <span class='ocr_line' id='line_1_25' title="bbox 215 2694 1222 2780; baseline 0.005 -25"><span class='ocrx_word' id='word_1_189' title='bbox 215 2695 330 2775; x_wconf 86' lang='lat' dir='ltr'><strong>Quippe</strong></span> <span class='ocrx_word' id='word_1_190' title='bbox 344 2694 475 2773; x_wconf 84' lang='lat' dir='ltr'><strong>occupati</strong></span> <span class='ocrx_word' id='word_1_191' title='bbox 499 2700 586 2769; x_wconf 82' lang='lat' dir='ltr'><strong>metu,</strong></span> <span class='ocrx_word' id='word_1_192' title='bbox 609 2695 784 2772; x_wconf 87' lang='lat' dir='ltr'><strong>paucitatem</strong></span> <span class='ocrx_word' id='word_1_193' title='bbox 809 2717 918 2772; x_wconf 90' lang='lat' dir='ltr'><strong>eorum,</strong></span> <span class='ocrx_word' id='word_1_194' title='bbox 938 2699 988 2778; x_wconf 92' lang='lat' dir='ltr'><strong>qui</strong></span> <span class='ocrx_word' id='word_1_195' title='bbox 1002 2719 1019 2757; x_wconf 88' lang='lat' dir='ltr'><strong>a</strong></span> <span class='ocrx_word' id='word_1_196' title='bbox 1033 2705 1116 2780; x_wconf 83' lang='lat' dir='ltr'><strong>tergo</strong></span> <span class='ocrx_word' id='word_1_197' title='bbox 1138 2709 1222 2776; x_wconf 89' lang='lat' dir='ltr'><strong>erant,</strong></span> 
     </span>
     <span class='ocr_line' id='line_1_26' title="bbox 213 2789 1222 2872; baseline 0 -16"><span class='ocrx_word' id='word_1_198' title='bbox 213 2793 359 2856; x_wconf 76' lang='lat' dir='ltr'><strong>estimem</strong></span> <span class='ocrx_word' id='word_1_199' title='bbox 372 2811 430 2852; x_wconf 88' lang='lat' dir='ltr'><strong>non</strong></span> <span class='ocrx_word' id='word_1_200' title='bbox 443 2797 584 2870; x_wconf 85' lang='lat' dir='ltr'><strong>poterant.</strong></span> <span class='ocrx_word' id='word_1_201' title='bbox 627 2789 732 2870; x_wconf 80' lang='lat' dir='ltr'><strong>Itaque</strong></span> <span class='ocrx_word' id='word_1_202' title='bbox 757 2791 876 2870; x_wconf 77' lang='lat' dir='ltr'><strong>Cophen</strong></span> <span class='ocrx_word' id='word_1_203' title='bbox 891 2793 969 2869; x_wconf 88' lang='lat' dir='ltr'><strong>(nom</strong></span> <span class='ocrx_word' id='word_1_204' title='bbox 990 2795 1171 2872; x_wconf 88' lang='lat' dir='ltr'><strong>trepidantes</strong></span> <span class='ocrx_word' id='word_1_205' title='bbox 1185 2817 1222 2856; x_wconf 86' lang='lat' dir='ltr'><strong>re</strong></span> 
     </span>
     <span class='ocr_line' id='line_1_27' title="bbox 214 2886 1221 2969; baseline 0.002 -21"><span class='ocrx_word' id='word_1_206' title='bbox 214 2889 351 2969; x_wconf 88' lang='lat' dir='ltr'><strong>liquerat)</strong></span> <span class='ocrx_word' id='word_1_207' title='bbox 366 2886 483 2947; x_wconf 73' lang='lat' dir='ltr'><strong>strenua</strong></span> <span class='ocrx_word' id='word_1_208' title='bbox 504 2893 650 2964; x_wconf 88' lang='lat' dir='ltr'><strong>revocant,</strong></span> <span class='ocrx_word' id='word_1_209' title='bbox 665 2894 695 2945; x_wconf 87' lang='lat' dir='ltr'><strong>ct</strong></span> <span class='ocrx_word' id='word_1_210' title='bbox 717 2905 783 2945; x_wconf 87' lang='lat' dir='ltr'><strong>cum</strong></span> <span class='ocrx_word' id='word_1_211' title='bbox 807 2907 839 2947; x_wconf 93' lang='lat' dir='ltr'><strong>eo</strong></span> <span class='ocrx_word' id='word_1_212' title='bbox 854 2889 975 2967; x_wconf 85' lang='lat' dir='ltr'><strong>triginta</strong></span> <span class='ocrx_word' id='word_1_213' title='bbox 996 2890 1143 2969; x_wconf 86' lang='lat' dir='ltr'><strong>principes</strong></span> <span class='ocrx_word' id='word_1_214' title='bbox 1163 2893 1221 2952; x_wconf 88' lang='lat' dir='ltr'><strong>mit-</strong></span> 
     </span>
     <span class='ocr_line' id='line_1_28' title="bbox 214 2982 1222 3066; baseline 0.006 -24"><span class='ocrx_word' id='word_1_215' title='bbox 214 2991 290 3057; x_wconf 90' lang='lat' dir='ltr'><strong>tunt,</strong></span> <span class='ocrx_word' id='word_1_216' title='bbox 304 2984 355 3062; x_wconf 90' lang='lat' dir='ltr'><strong>qui</strong></span> <span class='ocrx_word' id='word_1_217' title='bbox 369 2984 491 3042; x_wconf 90' lang='lat' dir='ltr'><strong>Petram</strong></span> <span class='ocrx_word' id='word_1_218' title='bbox 504 2982 631 3057; x_wconf 85' lang='lat' dir='ltr'><strong>tradant,</strong></span> <span class='ocrx_word' id='word_1_219' title='bbox 646 2989 675 3040; x_wconf 92' lang='lat' dir='ltr'><strong>et</strong></span> <span class='ocrx_word' id='word_1_220' title='bbox 688 2989 723 3040; x_wconf 87' lang='lat' dir='ltr'><strong>ut</strong></span> <span class='ocrx_word' id='word_1_221' title='bbox 736 2982 929 3044; x_wconf 83' lang='lat' dir='ltr'><strong>incolumibus</strong></span> <span class='ocrx_word' id='word_1_222' title='bbox 938 2983 1016 3044; x_wconf 90' lang='lat' dir='ltr'><strong>abire</strong></span> <span class='ocrx_word' id='word_1_223' title='bbox 1027 2985 1124 3061; x_wconf 88' lang='lat' dir='ltr'><strong>liceat,</strong></span> <span class='ocrx_word' id='word_1_224' title='bbox 1139 2989 1222 3066; x_wconf 87' lang='lat' dir='ltr'><strong>pacis·</strong></span> 
     </span>
     <span class='ocr_line' id='line_1_29' title="bbox 215 3077 1221 3160; baseline 0.005 -23"><span class='ocrx_word' id='word_1_225' title='bbox 215 3085 323 3137; x_wconf 87' lang='lat' dir='ltr'><strong>cantur.</strong></span> <span class='ocrx_word' id='word_1_226' title='bbox 366 3078 385 3106; x_wconf 80' lang='lat'><strong>¹⁸</strong></span> <span class='ocrx_word' id='word_1_227' title='bbox 393 3077 460 3152; x_wconf 90' lang='lat' dir='ltr'><strong>Ille,</strong></span> <span class='ocrx_word' id='word_1_228' title='bbox 482 3097 646 3157; x_wconf 88' lang='lat' dir='ltr'><strong>quanquam</strong></span> <span class='ocrx_word' id='word_1_229' title='bbox 667 3077 830 3153; x_wconf 88' lang='lat' dir='ltr'><strong>verebatur,</strong></span> <span class='ocrx_word' id='word_1_230' title='bbox 853 3099 890 3138; x_wconf 91' lang='lat' dir='ltr'><strong>ne</strong></span> <span class='ocrx_word' id='word_1_231' title='bbox 912 3083 1067 3158; x_wconf 74' lang='lat' dir='ltr'><strong>conspecta</strong></span> <span class='ocrx_word' id='word_1_232' title='bbox 1089 3085 1221 3160; x_wconf 84' lang='lat' dir='ltr'><strong>juvenum</strong></span> 
     </span>
     <span class='ocr_line' id='line_1_30' title="bbox 215 3171 1221 3250; baseline 0.007 -19"><span class='ocrx_word' id='word_1_233' title='bbox 215 3171 362 3250; x_wconf 87' lang='lat' dir='ltr'><strong>paucitate</strong></span> <span class='ocrx_word' id='word_1_234' title='bbox 390 3171 580 3232; x_wconf 84' lang='lat' dir='ltr'><strong>deturbarent</strong></span> <span class='ocrx_word' id='word_1_235' title='bbox 607 3191 656 3232; x_wconf 90' lang='lat' dir='ltr'><strong>eos</strong></span> <span class='ocrx_word' id='word_1_236' title='bbox 684 3171 818 3248; x_wconf 89' lang='lat' dir='ltr'><strong>Barbari,</strong></span> <span class='ocrx_word' id='word_1_237' title='bbox 846 3181 942 3234; x_wconf 86' lang='lat' dir='ltr'><strong>tamen</strong></span> <span class='ocrx_word' id='word_1_238' title='bbox 970 3183 1001 3236; x_wconf 90' lang='lat' dir='ltr'><strong>et</strong></span> <span class='ocrx_word' id='word_1_239' title='bbox 1021 3177 1148 3237; x_wconf 75' lang='lat' dir='ltr'><strong>fortunus</strong></span> <span class='ocrx_word' id='word_1_240' title='bbox 1167 3199 1221 3238; x_wconf 77' lang='lat' dir='ltr'><strong>sue</strong></span> 
     </span>
     <span class='ocr_line' id='line_1_31' title="bbox 217 3267 1220 3346; baseline 0.007 -20"><span class='ocrx_word' id='word_1_241' title='bbox 217 3267 349 3340; x_wconf 87' lang='lat' dir='ltr'><strong>confisus,</strong></span> <span class='ocrx_word' id='word_1_242' title='bbox 365 3273 395 3324; x_wconf 93' lang='lat' dir='ltr'><strong>et</strong></span> <span class='ocrx_word' id='word_1_243' title='bbox 409 3267 540 3326; x_wconf 77' lang='lat' dir='ltr'><strong>Arimazi</strong></span> <span class='ocrx_word' id='word_1_244' title='bbox 552 3268 696 3346; x_wconf 87' lang='lat' dir='ltr'><strong>superbiae</strong></span> <span class='ocrx_word' id='word_1_245' title='bbox 709 3269 849 3344; x_wconf 89' lang='lat' dir='ltr'><strong>infensus,</strong></span> <span class='ocrx_word' id='word_1_246' title='bbox 864 3271 975 3330; x_wconf 88' lang='lat' dir='ltr'><strong>nullam</strong></span> <span class='ocrx_word' id='word_1_247' title='bbox 989 3291 1019 3330; x_wconf 91' lang='lat' dir='ltr'><strong>se</strong></span> <span class='ocrx_word' id='word_1_248' title='bbox 1033 3273 1220 3333; x_wconf 86' lang='lat' dir='ltr'><strong>conditionem</strong></span> 
     </span>
     <span class='ocr_line' id='line_1_32' title="bbox 217 3361 1221 3448; baseline 0.006 -25"><span class='ocrx_word' id='word_1_249' title='bbox 217 3361 377 3424; x_wconf 88' lang='lat' dir='ltr'><strong>deditionis</strong></span> <span class='ocrx_word' id='word_1_250' title='bbox 399 3361 529 3440; x_wconf 89' lang='lat' dir='ltr'><strong>accipere</strong></span> <span class='ocrx_word' id='word_1_251' title='bbox 557 3363 716 3440; x_wconf 88' lang='lat' dir='ltr'><strong>respoudit.</strong></span> <span class='ocrx_word' id='word_1_252' title='bbox 759 3363 919 3441; x_wconf 83' lang='lat' dir='ltr'><strong>Arimazes,</strong></span> <span class='ocrx_word' id='word_1_253' title='bbox 948 3367 1109 3445; x_wconf 87' lang='lat' dir='ltr'><strong>desperatis</strong></span> <span class='ocrx_word' id='word_1_254' title='bbox 1136 3370 1221 3448; x_wconf 84' lang='lat' dir='ltr'><strong>magis</strong></span> 
     </span>
     <span class='ocr_line' id='line_1_33' title="bbox 217 3456 1220 3542; baseline 0.005 -23"><span class='ocrx_word' id='word_1_255' title='bbox 217 3461 306 3539; x_wconf 73' lang='lat' dir='ltr'><strong>quam</strong></span> <span class='ocrx_word' id='word_1_256' title='bbox 331 3457 455 3536; x_wconf 90' lang='lat' dir='ltr'><strong>perditis</strong></span> <span class='ocrx_word' id='word_1_257' title='bbox 478 3456 574 3532; x_wconf 88' lang='lat' dir='ltr'><strong>rebus,</strong></span> <span class='ocrx_word' id='word_1_258' title='bbox 600 3477 666 3516; x_wconf 90' lang='lat' dir='ltr'><strong>eum</strong></span> <span class='ocrx_word' id='word_1_259' title='bbox 692 3459 863 3538; x_wconf 90' lang='lat' dir='ltr'><strong>propinquis</strong></span> <span class='ocrx_word' id='word_1_260' title='bbox 889 3461 1135 3542; x_wconf 86' lang='lat' dir='ltr'><strong>nobilissimisque</strong></span> <span class='ocrx_word' id='word_1_261' title='bbox 1167 3483 1220 3524; x_wconf 82' lang='lat' dir='ltr'><strong>sua</strong></span> 
     </span>
     <span class='ocr_line' id='line_1_34' title="bbox 219 3552 1219 3634; baseline 0.005 -21"><span class='ocrx_word' id='word_1_262' title='bbox 219 3555 313 3634; x_wconf 79' lang='lat' dir='ltr'><strong>gentis</strong></span> <span class='ocrx_word' id='word_1_263' title='bbox 337 3552 488 3612; x_wconf 82' lang='lat' dir='ltr'><strong>descendit</strong></span> <span class='ocrx_word' id='word_1_264' title='bbox 510 3552 541 3611; x_wconf 92' lang='lat' dir='ltr'><strong>iu</strong></span> <span class='ocrx_word' id='word_1_265' title='bbox 565 3559 669 3631; x_wconf 86' lang='lat' dir='ltr'><strong>castra,</strong></span> <span class='ocrx_word' id='word_1_266' title='bbox 691 3573 764 3633; x_wconf 88' lang='lat' dir='ltr'><strong>quos</strong></span> <span class='ocrx_word' id='word_1_267' title='bbox 788 3572 886 3615; x_wconf 88' lang='lat' dir='ltr'><strong>omnes</strong></span> <span class='ocrx_word' id='word_1_268' title='bbox 906 3557 1076 3618; x_wconf 85' lang='lat' dir='ltr'><strong>verberibus</strong></span> <span class='ocrx_word' id='word_1_269' title='bbox 1102 3559 1219 3634; x_wconf 84' lang='lat' dir='ltr'><strong>affectos,</strong></span> 
     </span>
     <span class='ocr_line' id='line_1_35' title="bbox 219 3647 1219 3732; baseline 0.004 -22"><span class='ocrx_word' id='word_1_270' title='bbox 219 3650 273 3710; x_wconf 91' lang='lat' dir='ltr'><strong>sub</strong></span> <span class='ocrx_word' id='word_1_271' title='bbox 287 3649 359 3728; x_wconf 90' lang='lat' dir='ltr'><strong>ipsis</strong></span> <span class='ocrx_word' id='word_1_272' title='bbox 373 3649 520 3710; x_wconf 87' lang='lat' dir='ltr'><strong>radicibus</strong></span> <span class='ocrx_word' id='word_1_273' title='bbox 534 3647 635 3708; x_wconf 87' lang='lat' dir='ltr'><strong>Petrae</strong></span> <span class='ocrx_word' id='word_1_274' title='bbox 656 3648 675 3678; x_wconf 83' lang='lat'><strong>²⁸</strong></span> <span class='ocrx_word' id='word_1_275' title='bbox 685 3650 819 3711; x_wconf 89' lang='lat' dir='ltr'><strong>crucibus</strong></span> <span class='ocrx_word' id='word_1_276' title='bbox 837 3652 929 3729; x_wconf 83' lang='lat' dir='ltr'><strong>jussit</strong></span> <span class='ocrx_word' id='word_1_277' title='bbox 942 3653 1026 3732; x_wconf 84' lang='lat' dir='ltr'><strong>affigi.</strong></span> <span class='ocrx_word' id='word_1_278' title='bbox 1068 3650 1219 3714; x_wconf 80' lang='lat' dir='ltr'><strong>Multitudo</strong></span> 
     </span>
     <span class='ocr_line' id='line_1_36' title="bbox 219 3743 1220 3827; baseline 0.008 -26"><span class='ocrx_word' id='word_1_279' title='bbox 219 3743 398 3804; x_wconf 75' lang='lat' dir='ltr'><strong>dediticium</strong></span> <span class='ocrx_word' id='word_1_280' title='bbox 421 3744 524 3804; x_wconf 92' lang='lat' dir='ltr'><strong>incolis</strong></span> <span class='ocrx_word' id='word_1_281' title='bbox 547 3763 687 3804; x_wconf 79' lang='lat' dir='ltr'><strong>nouarum</strong></span> <span class='ocrx_word' id='word_1_282' title='bbox 700 3745 818 3806; x_wconf 86' lang='lat' dir='ltr'><strong>urbiam</strong></span> <span class='ocrx_word' id='word_1_283' title='bbox 832 3763 897 3806; x_wconf 88' lang='lat' dir='ltr'><strong>eum</strong></span> <span class='ocrx_word' id='word_1_284' title='bbox 919 3749 1043 3826; x_wconf 76' lang='lat' dir='ltr'><strong>pecunia</strong></span> <span class='ocrx_word' id='word_1_285' title='bbox 1057 3753 1142 3827; x_wconf 80' lang='lat' dir='ltr'><strong>captt</strong></span> <span class='ocrx_word' id='word_1_286' title='bbox 1155 3751 1220 3810; x_wconf 91' lang='lat' dir='ltr'><strong>donc</strong></span> 
     </span>
    </p>
   </div>
   <div class='ocr_carea' id='block_1_4' title="bbox 0 0 1335 4386">
    <p class='ocr_par' dir='ltr' id='par_1_4' title="bbox 0 0 1335 4386">
     <span class='ocr_line' id='line_1_37' title="bbox 0 0 1335 4386; baseline 0 0"><span class='ocrx_word' id='word_1_287' title='bbox 0 0 1335 4386; x_wconf 95' lang='lat' dir='ltr'><strong> </strong></span> 
     </span>
    </p>
   </div>
  </div>
 </body>
</html>
