2622 4382
397 353 538 414 ‘uranu
567 369 601 410 x.
632 367 719 411 on.
750 368 774 409 1.
1040 347 1099 410 W

54 529 128 585 rus,
145 509 291 572 ooonrrit
335 508 486 590 Equorum
506 508 611 570 domiti
634 527 738 590 greges
761 505 965 588 sequsbmtnr,
986 525 1099 566 onrron

53 625 124 686 que
151 612 281 685 argento
309 611 340 665 et
367 623 436 664 auro
464 604 605 666 adornati.
660 603 798 664 Pretiosa
821 601 961 682 supellex,
985 602 1099 664 nobiles

56 721 212 780 gemmae,
226 719 313 762 aurea
332 700 431 778 magni
452 699 589 778 ponderis
608 717 688 774 rasa,
709 705 864 778 vestesque
885 717 1047 777 purpureae,
1068 704 1100 758 et

58 796 190 876 signati
206 796 319 876 urgenti
338 795 483 855 talentum
497 801 624 874 quotuor
642 793 744 854 millia
789 791 937 854 Ceterum
950 799 1033 852 tanta
1051 792 1098 853 bt·

58 892 205 970 nignitas
219 891 350 953 Barbaro
364 909 451 952 eausa
463 890 567 951 mortis
580 891 647 950 fuit.
691 889 720 948 N
722 909 770 950 am
789 891 855 949 eim
879 889 987 950 amieos
1000 907 1099 948 omnes

60 985 166 1066 Regis
192 987 279 1048 donis
302 1006 389 1065 super
412 986 542 1066 ipsorum
565 993 634 1047 vota
659 985 808 1060 ooluisset,
836 984 947 1064 Brgoae
967 983 1098 1062 spadoni,

60 1083 120 1161 qui
135 1082 313 1142 Alexandro
328 1082 468 1162 obsequio
481 1081 611 1160 eorporis
624 1081 797 1141 devinxerat
810 1080 875 1156 sibi,
889 1079 1003 1140 nullum
1012 1079 1098 1140 hono

62 1195 131 1236 rem
158 1177 282 1238 habuit:
319 1175 541 1255 admonitusque
564 1195 583 1236 a
605 1175 788 1255 quibusdam,
811 1175 900 1254 quim
927 1175 1098 1235 Alexandro

63 1274 156 1334 eordi
171 1280 261 1348 esset,
275 1271 437 1350 respondit,
452 1272 561 1330 amieos
583 1271 686 1350 Regis,
700 1289 759 1330 non
772 1278 869 1330 soorta
882 1289 913 1330 se
927 1270 1031 1344 solere,
1042 1273 1099 1330 neo

64 1369 163 1428 moris
190 1387 255 1428 esse
281 1366 392 1441 Persis,
413 1384 508 1426 mares
522 1365 637 1440 dooere,
651 1365 703 1444 qui
723 1371 825 1442 stupro
845 1365 1097 1426 effoeminarentnr.

69 1463 137 1522 His
164 1462 285 1536 auditis,
301 1461 390 1540 spado
406 1460 576 1540 potentiam,
589 1460 701 1539 flagitio
722 1466 753 1520 et
773 1459 917 1520 dedeooro
936 1459 1099 1538 quaesitam,

69 1559 104 1617 in
128 1565 221 1636 eaput
242 1558 418 1618 nobilissimi
442 1564 473 1616 ot
495 1557 619 1616 insontis
635 1556 804 1616 ¹¹exterruit
846 1555 981 1635 Namque
1003 1556 1100 1634 gentio

74 1653 216 1732 ejusdem
240 1653 404 1714 levissimos
421 1651 506 1712 falsis
525 1651 697 1714 criminibus
718 1650 876 1726 adstruxit,
890 1651 1016 1711 monitos
1036 1658 1099 1711 tum

73 1751 199 1810 demum
213 1769 249 1809 ea
262 1749 383 1826 deferre,
397 1749 466 1808 otim
487 1749 550 1826 ipse
571 1747 715 1826 jussisset
757 1748 893 1822 Interim,
907 1747 1023 1826 quoties
1036 1747 1099 1808 sine

74 1845 200 1906 arbitris
224 1852 297 1922 erat,
319 1843 454 1904 credulas
481 1843 574 1922 Regis
597 1863 684 1904 sures
707 1843 855 1922 implebat,
881 1842 1099 1904 ”dissimulm

74 1961 194 2000 oausam
216 1941 276 2018 irre,
292 1941 350 2020 quo
363 1939 481 2020 gravior
505 1939 687 2000 oriminsntis
708 1939 868 2000 auotoritas
889 1946 973 2000 suot
1019 1938 1098 1999 Nom

76 2037 149 2096 dum
177 2042 330 2114 suspectus
357 2043 421 2094 erat
449 2034 588 2112 Orsines;
621 2035 641 2064 ¹⁴
649 2037 712 2111 jam
737 2041 837 2094 tamen
863 2033 959 2095 vilior.
1015 2033 1098 2094 Rene

77 2132 157 2192 enim
180 2132 211 2190 in
235 2121 346 2190 seoreto
371 2130 521 2209 agebatur,
542 2129 662 2190 latentis
688 2129 813 2207 perieuli
836 2129 975 2206 ignarus:
997 2135 1029 2188 et
1049 2129 1100 2188 im·

78 2225 320 2306 portunissimum
342 2233 479 2300 aoortum,
503 2243 540 2284 ne
563 2224 596 2284 in
622 2231 725 2302 stupro
748 2223 867 2302 quidem
891 2230 925 2282 et
949 2221 1100 2284 dedeoorit

79 2322 223 2402 patientie
236 2320 349 2380 fraudis
363 2319 496 2394 oblitum,
510 2319 625 2400 quoties
647 2337 775 2378 amorem
797 2318 875 2398 regis
899 2318 930 2378 in
950 2337 982 2378 ro
1002 2337 1099 2378 aeeon·

81 2419 173 2493 derat,
199 2417 337 2480 Orsinem
360 2416 446 2476 modo
473 2415 614 2491 avaritia,
642 2413 791 2474 interdum
818 2415 908 2476 etiam
928 2413 1099 2476 defeotionir

83 2515 226 2594 arguebat

142 2614 169 2670 t.
190 2611 260 2671 Jam
279 2617 395 2669 matura
409 2615 493 2668 erant
513 2607 544 2668 in
566 2607 723 2687 pernioiem
745 2607 908 2668 innoeentis
927 2606 1098 2684 mendaoia3

86 2707 224 2781 etistum,
239 2707 323 2784 eujus
344 2703 523 2766 inevitabilis
546 2723 609 2764 sors
630 2710 686 2778 ert,
701 2703 864 2782 oppetebat
907 2703 1000 2762 Forte
1022 2701 1101 2762 enim

88 2802 267 2880 sepuiohrum
290 2800 362 2879 Gyri
386 2800 557 2862 Alexander
580 2801 672 2878 jussit
695 2799 814 2878 aperiri,
828 2799 860 2858 in
878 2815 936 2877 quo
951 2803 1016 2858 erat
1034 2817 1101 2858 oon·

92 2899 181 2956 ditum
205 2899 269 2973 ejus
283 2915 395 2974 eorpus,
410 2897 458 2955 oui
478 2897 547 2956 dare
559 2896 679 2957 volebat
699 2894 827 2954 inferias.
870 2894 954 2954 Auro
968 2903 1101 2975 argento·

91 3011 144 3072 que
157 2989 295 3069 repletum
317 3007 380 3048 esse
403 2990 584 3050 erediderat:
607 2990 714 3069 quippe
735 2989 781 3048 itt
793 2989 873 3048 iamt
887 2988 988 3050 Persae
1001 2991 1100 3071 vulgu-

92 3094 192 3148 versnt
235 3085 294 3146 Sed
308 3092 415 3163 praeter
429 3084 563 3163 elypeum
577 3087 640 3163 ejus
660 3091 787 3163 putrem,
801 3103 885 3144 orons
899 3084 972 3145 duos
986 3085 1100 3166 Scythi-

94 3201 147 3258 cos,
160 3189 188 3242 et
210 3181 364 3255 aoinaoem,
385 3179 460 3238 nihil
483 3180 598 3258 reperit
641 3178 790 3242 ceterum
810 3184 918 3240 ooront
939 3186 1030 3242 aurat
1049 3183 1100 3242 im·

94 3279 189 3357 positi,
203 3276 336 3352 amiculo,
359 3275 407 3335 oui
431 3282 599 3337 assueverat
620 3275 691 3354 ipse,
715 3276 734 3306 ¹⁵
744 3275 858 3352 solium,
872 3277 903 3336 in
916 3295 974 3357 quo
995 3295 1100 3356 eorpus

101 3373 214 3454 jaoebat,
228 3372 352 3449 velarit3
374 3371 507 3447 miratos,
520 3371 598 3430 tanti
620 3372 745 3454 nominis
769 3371 890 3452 Regem,
912 3372 1004 3432 tantis
1027 3391 1099 3449 prae·

98 3472 181 3530 ditum
193 3469 302 3548 opibus,
316 3467 396 3527 hand
418 3467 580 3547 pretiosius
594 3468 742 3548 sepultum
755 3487 827 3544 esse,
842 3469 931 3547 quim
947 3466 974 3526 si
994 3463 1101 3524 inisset

99 3565 215 3644 eplebo.
258 3564 416 3624 Proximus
440 3571 503 3624 erat
526 3563 614 3624 lateri
638 3564 737 3646 spado,
760 3563 812 3644 qui
835 3561 949 3639 Regem
975 3560 1101 3640 intuens,

101 3667 116 3696 “
127 3661 196 3733 Quid
218 3659 354 3734 mirum,’‘
375 3659 480 3740 iuquit,
501 3663 518 3695 ‘¹
530 3667 584 3736 est,
599 3659 697 3719 inania
720 3657 874 3736 sepulchra
896 3673 960 3714 esse
974 3654 1100 3736 Regum,

102 3759 160 3816 otim
173 3757 356 3834 satraparum
371 3754 473 3814 domus
487 3775 590 3814 nurum
610 3755 679 3814 inde
694 3760 825 3830 egestum
839 3767 941 3828 capere
960 3769 1019 3810 non
1037 3769 1100 3829 pos

104 3853 173 3916 sint?
209 3851 229 3882 ¹⁸
239 3850 326 3924 Quod
340 3851 378 3912 ad
391 3871 437 3910 me
450 3851 565 3926 attinet,
579 3851 643 3928 ipse
655 3849 711 3908 hoo
724 3847 842 3908 bustum
850 3851 938 3906 antea
950 3865 1008 3906 non
1020 3846 1100 3908 vids·
