2520 4390
289 373 412 414 maun
440 373 474 414 v.
505 373 588 414 usn.
619 375 711 418 v111.
970 361 1010 420 99

61 521 84 574 te
96 513 230 576 Alexandri
243 519 437 592 occuparetur,
449 511 602 572 consilium
611 513 724 594 iterque
732 515 865 576 mutavit
898 516 1011 576 Aberat

61 631 105 670 teo
118 610 262 669 Alexander
275 609 369 668 stadia
383 628 435 682 mo,
450 608 502 666 sed
512 609 574 684 jam
587 609 701 668 nullum
714 609 897 670 intervallum
911 611 1009 672 advar-

62 705 236 766 sveiocitatem
250 707 312 782 ejus
327 704 401 764 satis
421 704 540 782 longum
559 703 720 765 videbatur.
782 706 887 784 Itaque
906 707 1009 784 praelio

61 801 271 880 agisquamfugae
294 819 325 858 se
348 799 539 878 praeparabat.
603 799 738 878 Triginta
760 801 853 860 millia
875 801 1008 878 peditum

61 896 203 973 luebantur:
221 895 250 954 in
272 895 380 973 quibus
399 893 568 955 Graecorum
591 901 674 956 eraut
695 903 820 974 quatuor
839 897 940 971 millis,
953 897 1009 956 fids

61 1012 81 1068 ga
92 991 188 1070 Regem
200 991 233 1049 ad
246 990 381 1049 ultimum
394 989 512 1050 invicta
544 989 739 1050 Funditorum
749 1009 862 1069 qnoque
876 998 907 1050 et
920 993 1009 1070 sagit·

61 1087 142 1146 iorum
154 1106 246 1146 manus
259 1094 385 1166 quatuor
398 1085 492 1144 millia
512 1086 684 1164 expleverat
747 1088 861 1148 Praeter
878 1087 932 1146 hos
949 1089 1008 1148 tris

63 1183 98 1240 lia
110 1190 135 1241 et
147 1183 259 1242 trecenti
273 1183 386 1260 equites
406 1188 498 1256 erant,
511 1182 637 1240 maximo
659 1181 887 1244 Bactrianorum.
950 1184 1008 1244 Hir

61 1297 110 1336 teus
122 1284 244 1356 praeerat,
257 1277 425 1337 Bactrianae
436 1276 563 1354 regionis
584 1276 753 1336 Praefectus
809 1276 883 1337 (ium
895 1277 949 1338 hoo
962 1298 1009 1358 ag.

61 1393 80 1430 re
100 1373 199 1432 Darius
218 1371 336 1449 paulum
357 1370 514 1428 declinavit
526 1370 576 1429 vib
588 1369 719 1444 militari,
737 1372 830 1447 jussis
848 1371 1010 1448 praecedere

61 1487 73 1524 s
95 1466 352 1544 impedimentorum
365 1464 541 1524 custodibus.
602 1463 731 1524 Consilio
744 1464 848 1524 deinde
862 1466 1010 1543 advocato,

61 1563 64 1619 ἰ
76 1581 119 1620 me
132 1581 190 1620 eum
203 1560 340 1640 ignavis,’'
355 1559 456 1638 inquit,
472 1563 490 1593 “
500 1566 530 1618 et
542 1560 636 1638 pluris
650 1559 905 1640 'qualemcumque
919 1561 1010 1622 vitam

61 1665 91 1716 te
103 1658 217 1716 honesta
229 1656 450 1731 aestimantibus,
463 1657 583 1715 fortuna
591 1656 747 1733 junxisset,
761 1663 885 1718 tacerem
902 1658 1008 1736 potius,

61 1755 102 1810 im
114 1753 220 1812 frustra
233 1752 323 1812 verba
342 1770 544 1811 consumerem.
587 1751 647 1812 Sed
666 1753 777 1828 majore
797 1755 884 1832 quim
903 1754 1009 1814 vollem

61 1855 171 1924 emente,
185 1855 213 1907 ct
226 1847 367 1908 virtutem
380 1855 508 1906 vestram
521 1854 551 1906 et
561 1847 645 1906 fidem
656 1854 804 1925 expertus,
815 1849 908 1928 magis
921 1850 1008 1910 etiam

61 1944 101 2002 riti
124 1943 220 2018 debeo,
234 1949 269 2002 ut
282 1942 388 2021 dignus
401 1942 511 2004 talibus
525 1926 626 2000 amicis
639 1942 702 2017 sim,
717 1945 805 2021 qudm
819 1943 953 2005 dubitare
972 1963 1009 2002 au

61 2039 81 2096 ri
95 2038 202 2097 similes
214 2037 309 2096 odhuo
322 2037 395 2097 sitis.
458 2036 507 2096 Ex
520 2043 565 2096 tot
577 2037 718 2106 millibus,
732 2055 802 2114 quaa
814 2037 868 2096 sub
887 2037 1010 2116 imperio

61 2139 107 2190 int
126 2151 197 2206 meo,
221 2131 269 2190 bis
291 2149 336 2188 me
362 2131 480 2204 victum,
502 2131 549 2190 bis
575 2131 735 2207 fugientem
761 2132 907 2208 persecuti
930 2133 1008 2192 estis

61 2233 198 2299 svestra,
212 2232 243 2284 et
256 2225 427 2300 constantia,
447 2231 482 2282 ut
505 2225 618 2302 Regem
638 2243 685 2282 me
707 2222 779 2282 esse'
793 2225 917 2300 credam,
930 2226 1009 2286 fucit

61 2323 163 2380 litores
184 2326 215 2378 ot
234 2319 380 2398 traniugae
398 2319 430 2376 in
449 2318 570 2378 urbibus
582 2319 655 2378 meis
675 2327 805 2398 regnant,
818 2337 876 2378 nou
894 2320 1011 2382 herculi

68 2423 153 2476 tanto
166 2415 275 2474 honore
289 2413 371 2493 digni
384 2413 556 2488 habeantur,
570 2413 621 2473 sed
631 2421 666 2474 ut
675 2415 805 2493 praemiis
815 2434 913 2475 corum
921 2417 1011 2478 vestri

61 2512 183 2570 eitentur
197 2509 296 2570 animi.
339 2509 437 2569 Meam
450 2515 548 2568 tamen
561 2511 707 2569 fortunam
719 2513 808 2590 quim
820 2511 942 2572 victoris
952 2533 1010 2572 ma·

61 2611 81 2666 js
94 2606 181 2685 sequi
197 2627 204 2666 :
228 2605 391 2684 dignissimi
404 2605 517 2684 quibus,
532 2605 557 2664 si
571 2625 624 2686 ego
637 2625 693 2668 non
706 2607 822 2684 possim,
836 2607 887 2668 Dii
899 2627 952 2686 pro
964 2627 1010 2668 mo

61 2724 104 2762 un
117 2703 271 2762 referant:
292 2707 323 2760 et
334 2701 499 2761 mehercule
513 2702 647 2764 referent.
680 2702 772 2762 Nulla
778 2704 836 2762 erit
849 2711 909 2762 tam
924 2705 1012 2762 surde

61 2798 147 2873 ritas,
162 2797 251 2856 nulla
264 2804 324 2855 tam
336 2797 453 2876 ingrata
464 2799 549 2872 fama,
560 2817 626 2877 quae
638 2817 697 2857 non
710 2799 741 2856 in
754 2797 859 2856 coelum
869 2817 921 2858 vos
934 2798 1012 2858 debi-

61 2893 185 2952 audibus
210 2893 295 2952 ferat.
357 2892 471 2972 Itaque,
493 2893 608 2950 etiamsi
628 2893 782 2953 eonsilium
802 2893 889 2972 fugae,
912 2913 930 2951 a
953 2900 1012 2972 qua

61 2990 109 3044 im
125 2985 273 3047 abhorret
285 2986 410 3062 animoa,
425 2987 593 3066 agitassem,
607 2991 707 3046 vestra
722 2994 819 3046 tamen
831 2988 940 3048 virtute
954 2990 1009 3048 fre·

65 3083 176 3143 bviam
189 3087 284 3141 issem
297 3081 382 3141 hosti.
425 3083 581 3160 Quousque
595 3081 672 3142 enim
693 3082 723 3140 in
736 3101 824 3162 regno
838 3083 967 3160 exulabo,
982 3095 1012 3142 et

61 3197 113 3236 nes
129 3177 257 3255 imperii
270 3177 328 3236 mci
340 3176 451 3254 fugiam
461 3184 612 3236 externum
622 3183 653 3236 et
666 3177 804 3238 advenam
818 3179 937 3258 Regem,
947 3186 1013 3238 cum

75 3275 229 3350 ⁵experto
245 3272 316 3333 belii
330 3271 486 3346 fortunam,
498 3278 549 3330 aut
562 3291 696 3350 reparare
716 3293 782 3353 qnae
791 3274 884 3349 amisi,
895 3282 947 3333 aut
964 3275 1014 3332 ho·

76 3375 186 3428 morte
211 3366 357 3446 defungi?
376 3367 433 3426 nisi
447 3367 522 3426 forte
539 3368 631 3428 satius
652 3377 697 3428 est
716 3377 881 3448 exspectare
895 3367 1016 3428 victoris

61 3465 143 3539 ium,
162 3470 198 3523 et
213 3463 330 3538 Mami,
346 3469 376 3521 et
391 3462 548 3522 Mithrenis
561 3465 690 3542 exemplo
711 3467 874 3543 precarium
887 3462 1015 3537 accipere

61 3581 91 3616 m
119 3559 268 3617 nationis
287 3559 390 3635 unius,
413 3557 465 3616 ⁰ut
486 3560 547 3636 jam
560 3559 644 3618 mali-t
657 3561 707 3618 iile
720 3561 822 3638 gloriar
834 3577 904 3628 susc,
918 3557 1016 3632 quam,

61 3654 178 3732 esequi.
237 3653 302 3712 Nec
315 3653 367 3712 Dii
380 3653 510 3730 siverint,
523 3662 557 3712 ut
571 3654 643 3714 ⁷boo
664 3655 751 3712 decus
765 3653 823 3710 mei
843 3649 946 3726 eapitis
966 3659 1017 3710 aut

61 3771 83 3808 e
99 3749 192 3808 mihi
208 3749 373 3828 quisquam,
387 3756 438 3808 aut
457 3749 616 3808 condonare
636 3749 645 3775 ⁸
654 3747 756 3824 possit
819 3744 881 3804 Neo
900 3744 954 3804 hoc
966 3746 1018 3806 im·

61 3867 78 3902 o
95 3846 202 3906 vivus
226 3845 372 3919 emittm,
385 3844 519 3922 idemque
533 3843 590 3903 enit
611 3841 694 3920 regni
707 3839 765 3900 mai
784 3840 835 3919 qui
847 3847 881 3900 et
892 3841 1018 3920 spiritus
