<?xml version="1.0" encoding="UTF-8"?>
<!DOCTYPE html PUBLIC "-//W3C//DTD XHTML 1.0 Transitional//EN"
    "http://www.w3.org/TR/xhtml1/DTD/xhtml1-transitional.dtd">
<html xmlns="http://www.w3.org/1999/xhtml" xml:lang="en" lang="en">
 <head>
  <title>
</title>
<meta http-equiv="Content-Type" content="text/html;charset=utf-8" />
  <meta name='ocr-system' content='tesseract 3.04.00' />
  <meta name='ocr-capabilities' content='ocr_page ocr_carea ocr_par ocr_line ocrx_word'/>
</head>
<body>
  <div class='ocr_page' id='page_1' title='image "./quintuscurtiusr00cellgoog_0165.png"; bbox 0 0 2520 4390; ppageno 0'>
   <div class='ocr_carea' id='block_1_1' title="bbox 191 335 850 400">
    <p class='ocr_par' dir='ltr' id='par_1_1' title="bbox 191 335 850 400">
     <span class='ocr_line' id='line_1_1' title="bbox 191 335 850 400; baseline -0.006 -4"><span class='ocrx_word' id='word_1_1' title='bbox 191 335 247 398; x_wconf 80' lang='lat' dir='ltr'><strong>tuo</strong></span> <span class='ocrx_word' id='word_1_2' title='bbox 536 351 682 400; x_wconf 77' lang='lat' dir='ltr'><strong>eurnnr</strong></span> <span class='ocrx_word' id='word_1_3' title='bbox 707 351 850 393; x_wconf 82' lang='lat' dir='ltr'><strong>eurrrr</strong></span> 
     </span>
    </p>
   </div>
   <div class='ocr_carea' id='block_1_2' title="bbox 186 489 1245 3906">
    <p class='ocr_par' dir='ltr' id='par_1_2' title="bbox 186 489 1245 3906">
     <span class='ocr_line' id='line_1_2' title="bbox 187 489 1231 570; baseline -0.003 -19"><span class='ocrx_word' id='word_1_4' title='bbox 187 491 291 552; x_wconf 86' lang='lat' dir='ltr'><strong>diebus</strong></span> <span class='ocrx_word' id='word_1_5' title='bbox 314 496 431 570; x_wconf 81' lang='lat' dir='ltr'><strong>gentem</strong></span> <span class='ocrx_word' id='word_1_6' title='bbox 458 489 669 570; x_wconf 73' lang='lat' dir='ltr'><strong>Euergetarum</strong></span> <span class='ocrx_word' id='word_1_7' title='bbox 696 490 849 564; x_wconf 85' lang='lat' dir='ltr'><strong>ordinavit,</strong></span> <span class='ocrx_word' id='word_1_8' title='bbox 877 493 989 568; x_wconf 66' lang='lat' dir='ltr'><strong>magua</strong></span> <span class='ocrx_word' id='word_1_9' title='bbox 1020 489 1173 568; x_wconf 66' lang='lat' dir='ltr'><strong>peounid</strong></span> <span class='ocrx_word' id='word_1_10' title='bbox 1200 489 1231 548; x_wconf 83' lang='lat' dir='ltr'><strong>ol</strong></span> 
     </span>
     <span class='ocr_line' id='line_1_3' title="bbox 187 585 1229 666; baseline -0.004 -20"><span class='ocrx_word' id='word_1_11' title='bbox 187 587 331 666; x_wconf 82' lang='lat' dir='ltr'><strong>egregiam</strong></span> <span class='ocrx_word' id='word_1_12' title='bbox 355 586 385 644; x_wconf 91' lang='lat' dir='ltr'><strong>in</strong></span> <span class='ocrx_word' id='word_1_13' title='bbox 409 585 519 664; x_wconf 77' lang='lat' dir='ltr'><strong>Cyrum</strong></span> <span class='ocrx_word' id='word_1_14' title='bbox 543 588 626 646; x_wconf 87' lang='lat' dir='ltr'><strong>fidem</strong></span> <span class='ocrx_word' id='word_1_15' title='bbox 652 587 768 646; x_wconf 65' lang='lat' dir='ltr'><strong>donati.</strong></span> <span class='ocrx_word' id='word_1_16' title='bbox 811 586 930 645; x_wconf 88' lang='lat' dir='ltr'><strong>Relieto</strong></span> <span class='ocrx_word' id='word_1_17' title='bbox 952 585 1088 660; x_wconf 76' lang='lat' dir='ltr'><strong>deinde,</strong></span> <span class='ocrx_word' id='word_1_18' title='bbox 1113 585 1174 664; x_wconf 91' lang='lat' dir='ltr'><strong>qni</strong></span> <span class='ocrx_word' id='word_1_19' title='bbox 1199 585 1229 642; x_wconf 83' lang='lat' dir='ltr'><strong>iis</strong></span> 
     </span>
     <span class='ocr_line' id='line_1_4' title="bbox 187 665 1227 760; baseline -0.002 -20"><span class='ocrx_word' id='word_1_20' title='bbox 187 665 334 760; x_wconf 75' lang='lat' dir='ltr'><strong>praeesset,</strong></span> <span class='ocrx_word' id='word_1_21' title='bbox 349 681 518 760; x_wconf 77' lang='lat' dir='ltr'><strong>Armenide,</strong></span> <span class='ocrx_word' id='word_1_22' title='bbox 534 683 640 758; x_wconf 82' lang='lat' dir='ltr'><strong>(scriba</strong></span> <span class='ocrx_word' id='word_1_23' title='bbox 661 683 686 742; x_wconf 88' lang='lat' dir='ltr'><strong>is</strong></span> <span class='ocrx_word' id='word_1_24' title='bbox 701 682 784 742; x_wconf 81' lang='lat' dir='ltr'><strong>Darii</strong></span> <span class='ocrx_word' id='word_1_25' title='bbox 808 681 916 758; x_wconf 82' lang='lat' dir='ltr'><strong>fueret)</strong></span> <span class='ocrx_word' id='word_1_26' title='bbox 931 681 1153 755; x_wconf 78' lang='lat' dir='ltr'><strong>Arachosios,</strong></span> <span class='ocrx_word' id='word_1_27' title='bbox 1170 701 1227 759; x_wconf 84' lang='lat' dir='ltr'><strong>quo</strong></span> 
     </span>
     <span class='ocr_line' id='line_1_5' title="bbox 186 775 1226 858; baseline -0.002 -22"><span class='ocrx_word' id='word_1_28' title='bbox 186 795 251 836; x_wconf 87' lang='lat' dir='ltr'><strong>rum</strong></span> <span class='ocrx_word' id='word_1_29' title='bbox 265 777 345 858; x_wconf 74' lang='lat' dir='ltr'><strong>regio</strong></span> <span class='ocrx_word' id='word_1_30' title='bbox 359 777 397 835; x_wconf 82' lang='lat' dir='ltr'><strong>sd</strong></span> <span class='ocrx_word' id='word_1_31' title='bbox 421 777 577 836; x_wconf 79' lang='lat' dir='ltr'><strong>Ponticum</strong></span> <span class='ocrx_word' id='word_1_32' title='bbox 600 797 679 836; x_wconf 88' lang='lat' dir='ltr'><strong>mare</strong></span> <span class='ocrx_word' id='word_1_33' title='bbox 701 777 836 855; x_wconf 73' lang='lat' dir='ltr'><strong>pertinet,</strong></span> <span class='ocrx_word' id='word_1_34' title='bbox 858 775 983 852; x_wconf 78' lang='lat' dir='ltr'><strong>subegit</strong></span> <span class='ocrx_word' id='word_1_35' title='bbox 1031 775 1097 836; x_wconf 89' lang='lat' dir='ltr'><strong>Ibi</strong></span> <span class='ocrx_word' id='word_1_36' title='bbox 1123 775 1226 835; x_wconf 78' lang='lat' dir='ltr'><strong>exerti·</strong></span> 
     </span>
     <span class='ocr_line' id='line_1_6' title="bbox 188 869 1224 951; baseline -0.004 -21"><span class='ocrx_word' id='word_1_37' title='bbox 188 879 246 947; x_wconf 88' lang='lat' dir='ltr'><strong>tus,</strong></span> <span class='ocrx_word' id='word_1_38' title='bbox 260 872 311 951; x_wconf 92' lang='lat' dir='ltr'><strong>qui</strong></span> <span class='ocrx_word' id='word_1_39' title='bbox 332 871 386 932; x_wconf 91' lang='lat' dir='ltr'><strong>sub</strong></span> <span class='ocrx_word' id='word_1_40' title='bbox 406 872 598 931; x_wconf 75' lang='lat' dir='ltr'><strong>Parmenione</strong></span> <span class='ocrx_word' id='word_1_41' title='bbox 619 873 724 946; x_wconf 85' lang='lat' dir='ltr'><strong>fuerat,</strong></span> <span class='ocrx_word' id='word_1_42' title='bbox 740 871 874 930; x_wconf 88' lang='lat' dir='ltr'><strong>oeenrrit.</strong></span> <span class='ocrx_word' id='word_1_43' title='bbox 917 869 978 930; x_wconf 83' lang='lat' dir='ltr'><strong>Sex</strong></span> <span class='ocrx_word' id='word_1_44' title='bbox 1002 871 1120 929; x_wconf 78' lang='lat' dir='ltr'><strong>millia</strong></span> <span class='ocrx_word' id='word_1_45' title='bbox 1137 871 1224 930; x_wconf 80' lang='lat' dir='ltr'><strong>Mace</strong></span> 
     </span>
     <span class='ocr_line' id='line_1_7' title="bbox 188 965 1223 1045; baseline 0 -21"><span class='ocrx_word' id='word_1_46' title='bbox 188 966 295 1026; x_wconf 90' lang='lat' dir='ltr'><strong>donum</strong></span> <span class='ocrx_word' id='word_1_47' title='bbox 319 973 409 1040; x_wconf 86' lang='lat' dir='ltr'><strong>erant,</strong></span> <span class='ocrx_word' id='word_1_48' title='bbox 431 974 461 1024; x_wconf 91' lang='lat' dir='ltr'><strong>et</strong></span> <span class='ocrx_word' id='word_1_49' title='bbox 485 966 603 1026; x_wconf 82' lang='lat' dir='ltr'><strong>ducenti</strong></span> <span class='ocrx_word' id='word_1_50' title='bbox 627 967 748 1043; x_wconf 87' lang='lat' dir='ltr'><strong>nobiles,</strong></span> <span class='ocrx_word' id='word_1_51' title='bbox 772 974 802 1024; x_wconf 89' lang='lat' dir='ltr'><strong>et</strong></span> <span class='ocrx_word' id='word_1_52' title='bbox 824 966 951 1045; x_wconf 83' lang='lat' dir='ltr'><strong>quinque</strong></span> <span class='ocrx_word' id='word_1_53' title='bbox 974 965 1088 1024; x_wconf 78' lang='lat' dir='ltr'><strong>millia</strong></span> <span class='ocrx_word' id='word_1_54' title='bbox 1115 966 1223 1028; x_wconf 65' lang='lat' dir='ltr'><strong>Gmea</strong></span> 
     </span>
     <span class='ocr_line' id='line_1_8' title="bbox 187 1061 1220 1140; baseline -0.003 -20"><span class='ocrx_word' id='word_1_55' title='bbox 187 1081 260 1135; x_wconf 87' lang='lat' dir='ltr'><strong>rum,</strong></span> <span class='ocrx_word' id='word_1_56' title='bbox 288 1081 354 1120; x_wconf 85' lang='lat' dir='ltr'><strong>eum</strong></span> <span class='ocrx_word' id='word_1_57' title='bbox 388 1061 533 1140; x_wconf 89' lang='lat' dir='ltr'><strong>equitibus</strong></span> <span class='ocrx_word' id='word_1_58' title='bbox 561 1062 702 1136; x_wconf 82' lang='lat' dir='ltr'><strong>ducentis,</strong></span> <span class='ocrx_word' id='word_1_59' title='bbox 730 1061 808 1120; x_wconf 83' lang='lat' dir='ltr'><strong>hand</strong></span> <span class='ocrx_word' id='word_1_60' title='bbox 842 1061 930 1122; x_wconf 79' lang='lat' dir='ltr'><strong>dubie</strong></span> <span class='ocrx_word' id='word_1_61' title='bbox 957 1061 1057 1120; x_wconf 88' lang='lat' dir='ltr'><strong>robur</strong></span> <span class='ocrx_word' id='word_1_62' title='bbox 1093 1063 1220 1122; x_wconf 85' lang='lat' dir='ltr'><strong>omniun</strong></span> 
     </span>
     <span class='ocr_line' id='line_1_9' title="bbox 187 1155 1220 1235; baseline -0.002 -21"><span class='ocrx_word' id='word_1_63' title='bbox 187 1156 294 1214; x_wconf 86' lang='lat' dir='ltr'><strong>virium</strong></span> <span class='ocrx_word' id='word_1_64' title='bbox 319 1155 418 1234; x_wconf 85' lang='lat' dir='ltr'><strong>Regis.</strong></span> <span class='ocrx_word' id='word_1_65' title='bbox 460 1157 631 1220; x_wconf 80' lang='lat' dir='ltr'><strong>Areehosiis</strong></span> <span class='ocrx_word' id='word_1_66' title='bbox 656 1158 743 1216; x_wconf 80' lang='lat' dir='ltr'><strong>datus</strong></span> <span class='ocrx_word' id='word_1_67' title='bbox 764 1155 901 1216; x_wconf 84' lang='lat' dir='ltr'><strong>Memnon</strong></span> <span class='ocrx_word' id='word_1_68' title='bbox 925 1155 1061 1230; x_wconf 85' lang='lat' dir='ltr'><strong>Praetor,</strong></span> <span class='ocrx_word' id='word_1_69' title='bbox 1095 1165 1220 1235; x_wconf 80' lang='lat' dir='ltr'><strong>quatuor</strong></span> 
     </span>
     <span class='ocr_line' id='line_1_10' title="bbox 187 1251 1208 1332; baseline -0.002 -22"><span class='ocrx_word' id='word_1_70' title='bbox 187 1251 318 1312; x_wconf 82' lang='lat' dir='ltr'><strong>millibus</strong></span> <span class='ocrx_word' id='word_1_71' title='bbox 331 1253 472 1331; x_wconf 88' lang='lat' dir='ltr'><strong>peditum,</strong></span> <span class='ocrx_word' id='word_1_72' title='bbox 487 1261 517 1314; x_wconf 90' lang='lat' dir='ltr'><strong>et</strong></span> <span class='ocrx_word' id='word_1_73' title='bbox 530 1254 674 1312; x_wconf 74' lang='lat' dir='ltr'><strong>sexcentis</strong></span> <span class='ocrx_word' id='word_1_74' title='bbox 685 1253 832 1332; x_wconf 88' lang='lat' dir='ltr'><strong>equitibus</strong></span> <span class='ocrx_word' id='word_1_75' title='bbox 845 1253 876 1312; x_wconf 90' lang='lat' dir='ltr'><strong>in</strong></span> <span class='ocrx_word' id='word_1_76' title='bbox 885 1251 1066 1330; x_wconf 86' lang='lat' dir='ltr'><strong>praesidinm</strong></span> <span class='ocrx_word' id='word_1_77' title='bbox 1082 1251 1208 1310; x_wconf 84' lang='lat' dir='ltr'><strong>reliotis</strong></span> 
     </span>
     <span class='ocr_line' id='line_1_11' title="bbox 253 1347 1245 1427; baseline -0.004 -21"><span class='ocrx_word' id='word_1_78' title='bbox 253 1349 296 1408; x_wconf 89' lang='grc'><strong>10.</strong></span> <span class='ocrx_word' id='word_1_79' title='bbox 320 1347 388 1427; x_wconf 89' lang='lat' dir='ltr'><strong>Ipse</strong></span> <span class='ocrx_word' id='word_1_80' title='bbox 410 1349 477 1410; x_wconf 82' lang='lat' dir='ltr'><strong>Rex</strong></span> <span class='ocrx_word' id='word_1_81' title='bbox 489 1349 635 1410; x_wconf 90' lang='lat' dir='ltr'><strong>nationem</strong></span> <span class='ocrx_word' id='word_1_82' title='bbox 656 1369 693 1408; x_wconf 91' lang='lat' dir='ltr'><strong>ne</strong></span> <span class='ocrx_word' id='word_1_83' title='bbox 713 1349 845 1406; x_wconf 89' lang='lat' dir='ltr'><strong>finitimis</strong></span> <span class='ocrx_word' id='word_1_84' title='bbox 866 1347 984 1426; x_wconf 89' lang='lat' dir='ltr'><strong>quidem</strong></span> <span class='ocrx_word' id='word_1_85' title='bbox 1009 1347 1097 1404; x_wconf 79' lang='lat' dir='ltr'><strong>satis</strong></span> <span class='ocrx_word' id='word_1_86' title='bbox 1113 1355 1215 1417; x_wconf 81' lang='lat' dir='ltr'><strong>notum,</strong></span> <span class='ocrx_word' id='word_1_87' title='bbox 1244 1413 1245 1420; x_wconf 8' lang='grc' dir='ltr'>ἵ</span> 
     </span>
     <span class='ocr_line' id='line_1_12' title="bbox 190 1442 1215 1524; baseline -0.004 -22"><span class='ocrx_word' id='word_1_88' title='bbox 190 1442 297 1524; x_wconf 82' lang='lat' dir='ltr'><strong>quippe</strong></span> <span class='ocrx_word' id='word_1_89' title='bbox 310 1443 391 1504; x_wconf 88' lang='lat' dir='ltr'><strong>nullo</strong></span> <span class='ocrx_word' id='word_1_90' title='bbox 405 1446 573 1504; x_wconf 79' lang='lat' dir='ltr'><strong>commercio</strong></span> <span class='ocrx_word' id='word_1_91' title='bbox 588 1445 730 1504; x_wconf 82' lang='lat' dir='ltr'><strong>colentem</strong></span> <span class='ocrx_word' id='word_1_92' title='bbox 751 1451 869 1502; x_wconf 88' lang='lat' dir='ltr'><strong>mutuos</strong></span> <span class='ocrx_word' id='word_1_93' title='bbox 887 1461 967 1516; x_wconf 88' lang='lat' dir='ltr'><strong>usus,</strong></span> <span class='ocrx_word' id='word_1_94' title='bbox 982 1461 1055 1500; x_wconf 86' lang='lat' dir='ltr'><strong>oum</strong></span> <span class='ocrx_word' id='word_1_95' title='bbox 1084 1442 1215 1502; x_wconf 79' lang='lat' dir='ltr'><strong>exercitu</strong></span> 
     </span>
     <span class='ocr_line' id='line_1_13' title="bbox 190 1537 1213 1618; baseline 0 -22"><span class='ocrx_word' id='word_1_96' title='bbox 190 1538 318 1600; x_wconf 85' lang='lat' dir='ltr'><strong>intravit.</strong></span> <span class='ocrx_word' id='word_1_97' title='bbox 360 1540 594 1618; x_wconf 79' lang='lat' dir='ltr'><strong>Parapamisedae</strong></span> <span class='ocrx_word' id='word_1_98' title='bbox 604 1539 803 1618; x_wconf 85' lang='lat' dir='ltr'><strong>appellantur;</strong></span> <span class='ocrx_word' id='word_1_99' title='bbox 819 1545 931 1617; x_wconf 75' lang='lat' dir='ltr'><strong>agreste</strong></span> <span class='ocrx_word' id='word_1_100' title='bbox 941 1537 1106 1596; x_wconf 88' lang='lat' dir='ltr'><strong>hominum</strong></span> <span class='ocrx_word' id='word_1_101' title='bbox 1121 1553 1213 1617; x_wconf 83' lang='lat' dir='ltr'><strong>genus,</strong></span> 
     </span>
     <span class='ocr_line' id='line_1_14' title="bbox 192 1633 1212 1711; baseline -0.001 -21"><span class='ocrx_word' id='word_1_102' title='bbox 192 1640 222 1691; x_wconf 90' lang='lat' dir='ltr'><strong>et</strong></span> <span class='ocrx_word' id='word_1_103' title='bbox 249 1634 326 1694; x_wconf 89' lang='lat' dir='ltr'><strong>iuter</strong></span> <span class='ocrx_word' id='word_1_104' title='bbox 356 1634 493 1693; x_wconf 78' lang='lat' dir='ltr'><strong>barbaros</strong></span> <span class='ocrx_word' id='word_1_105' title='bbox 520 1635 646 1694; x_wconf 68' lang='lat' dir='ltr'><strong>maximi</strong></span> <span class='ocrx_word' id='word_1_106' title='bbox 673 1633 869 1692; x_wconf 80' lang='lat' dir='ltr'><strong>inconditum:</strong></span> <span class='ocrx_word' id='word_1_107' title='bbox 903 1633 1037 1692; x_wconf 82' lang='lat' dir='ltr'><strong>locorum</strong></span> <span class='ocrx_word' id='word_1_108' title='bbox 1068 1634 1212 1711; x_wconf 75' lang='lat' dir='ltr'><strong>asperitas</strong></span> 
     </span>
     <span class='ocr_line' id='line_1_15' title="bbox 191 1726 1210 1806; baseline 0 -22"><span class='ocrx_word' id='word_1_109' title='bbox 191 1727 339 1785; x_wconf 89' lang='lat' dir='ltr'><strong>hominum</strong></span> <span class='ocrx_word' id='word_1_110' title='bbox 360 1747 473 1806; x_wconf 88' lang='lat' dir='ltr'><strong>quoque</strong></span> <span class='ocrx_word' id='word_1_111' title='bbox 497 1728 613 1806; x_wconf 85' lang='lat' dir='ltr'><strong>ingenie</strong></span> <span class='ocrx_word' id='word_1_112' title='bbox 640 1728 801 1788; x_wconf 77' lang='lat' dir='ltr'><strong>duraverat</strong></span> <span class='ocrx_word' id='word_1_113' title='bbox 844 1726 1070 1788; x_wconf 78' lang='lat' dir='ltr'><strong>Gelidissimum</strong></span> <span class='ocrx_word' id='word_1_114' title='bbox 1096 1727 1210 1804; x_wconf 86' lang='lat' dir='ltr'><strong>Septen·</strong></span> 
     </span>
     <span class='ocr_line' id='line_1_16' title="bbox 192 1815 1209 1901; baseline -0.002 -21"><span class='ocrx_word' id='word_1_115' title='bbox 192 1821 296 1880; x_wconf 85' lang='lat' dir='ltr'><strong>trionis</strong></span> <span class='ocrx_word' id='word_1_116' title='bbox 320 1841 404 1880; x_wconf 88' lang='lat' dir='ltr'><strong>axem</strong></span> <span class='ocrx_word' id='word_1_117' title='bbox 426 1842 462 1880; x_wconf 88' lang='lat' dir='ltr'><strong>ex</strong></span> <span class='ocrx_word' id='word_1_118' title='bbox 474 1827 580 1900; x_wconf 68' lang='lat' dir='ltr'><strong>magud</strong></span> <span class='ocrx_word' id='word_1_119' title='bbox 600 1830 682 1901; x_wconf 86' lang='lat' dir='ltr'><strong>parte</strong></span> <span class='ocrx_word' id='word_1_120' title='bbox 703 1815 840 1901; x_wconf 79' lang='lat' dir='ltr'><strong>spectant.</strong></span> <span class='ocrx_word' id='word_1_121' title='bbox 882 1822 1052 1881; x_wconf 86' lang='lat' dir='ltr'><strong>Baetrienis</strong></span> <span class='ocrx_word' id='word_1_122' title='bbox 1067 1822 1112 1880; x_wconf 87' lang='lat' dir='ltr'><strong>ad</strong></span> <span class='ocrx_word' id='word_1_123' title='bbox 1137 1821 1209 1883; x_wconf 89' lang='lat' dir='ltr'><strong>Oeei·</strong></span> 
     </span>
     <span class='ocr_line' id='line_1_17' title="bbox 193 1915 1206 1998; baseline 0 -24"><span class='ocrx_word' id='word_1_124' title='bbox 193 1915 309 1976; x_wconf 85' lang='lat' dir='ltr'><strong>dentem</strong></span> <span class='ocrx_word' id='word_1_125' title='bbox 333 1917 480 1995; x_wconf 87' lang='lat' dir='ltr'><strong>eonjuueti</strong></span> <span class='ocrx_word' id='word_1_126' title='bbox 501 1925 578 1978; x_wconf 88' lang='lat' dir='ltr'><strong>suut.</strong></span> <span class='ocrx_word' id='word_1_127' title='bbox 622 1919 786 1980; x_wconf 85' lang='lat' dir='ltr'><strong>Meridiene</strong></span> <span class='ocrx_word' id='word_1_128' title='bbox 809 1918 904 1998; x_wconf 81' lang='lat' dir='ltr'><strong>Regio</strong></span> <span class='ocrx_word' id='word_1_129' title='bbox 918 1917 956 1976; x_wconf 80' lang='lat' dir='ltr'><strong>ad</strong></span> <span class='ocrx_word' id='word_1_130' title='bbox 975 1935 1060 1978; x_wconf 85' lang='lat' dir='ltr'><strong>mere</strong></span> <span class='ocrx_word' id='word_1_131' title='bbox 1073 1917 1206 1976; x_wconf 82' lang='lat' dir='ltr'><strong>Indicum</strong></span> 
     </span>
     <span class='ocr_line' id='line_1_18' title="bbox 192 2011 1206 2092; baseline -0.005 -18"><span class='ocrx_word' id='word_1_132' title='bbox 192 2011 295 2091; x_wconf 79' lang='lat' dir='ltr'><strong>vergit</strong></span> <span class='ocrx_word' id='word_1_133' title='bbox 349 2011 479 2092; x_wconf 78' lang='lat' dir='ltr'><strong>Tuguria</strong></span> <span class='ocrx_word' id='word_1_134' title='bbox 501 2013 593 2074; x_wconf 87' lang='lat' dir='ltr'><strong>latere</strong></span> <span class='ocrx_word' id='word_1_135' title='bbox 619 2013 732 2092; x_wconf 75' lang='lat' dir='ltr'><strong>&#39;primd</strong></span> <span class='ocrx_word' id='word_1_136' title='bbox 760 2021 885 2072; x_wconf 87' lang='lat' dir='ltr'><strong>struunt.</strong></span> <span class='ocrx_word' id='word_1_137' title='bbox 941 2013 983 2072; x_wconf 78' lang='lat' dir='ltr'><strong>Et</strong></span> <span class='ocrx_word' id='word_1_138' title='bbox 1006 2013 1080 2090; x_wconf 86' lang='lat' dir='ltr'><strong>quia</strong></span> <span class='ocrx_word' id='word_1_139' title='bbox 1103 2011 1206 2072; x_wconf 84' lang='lat' dir='ltr'><strong>sterilis</strong></span> 
     </span>
     <span class='ocr_line' id='line_1_19' title="bbox 194 2105 1205 2187; baseline -0.004 -17"><span class='ocrx_word' id='word_1_140' title='bbox 194 2116 240 2170; x_wconf 89' lang='lat' dir='ltr'><strong>est</strong></span> <span class='ocrx_word' id='word_1_141' title='bbox 267 2115 346 2170; x_wconf 85' lang='lat' dir='ltr'><strong>terra</strong></span> <span class='ocrx_word' id='word_1_142' title='bbox 367 2110 506 2185; x_wconf 79' lang='lat' dir='ltr'><strong>materiae,</strong></span> <span class='ocrx_word' id='word_1_143' title='bbox 530 2110 561 2170; x_wconf 90' lang='lat' dir='ltr'><strong>in</strong></span> <span class='ocrx_word' id='word_1_144' title='bbox 584 2106 669 2181; x_wconf 18' lang='lat' dir='ltr'><strong>nudo*</strong></span> <span class='ocrx_word' id='word_1_145' title='bbox 686 2110 773 2170; x_wconf 82' lang='lat' dir='ltr'><strong>etiem</strong></span> <span class='ocrx_word' id='word_1_146' title='bbox 800 2109 907 2168; x_wconf 88' lang='lat' dir='ltr'><strong>montis</strong></span> <span class='ocrx_word' id='word_1_147' title='bbox 934 2108 1028 2184; x_wconf 86' lang='lat' dir='ltr'><strong>dorso,</strong></span> <span class='ocrx_word' id='word_1_148' title='bbox 1058 2105 1205 2187; x_wconf 85' lang='lat' dir='ltr'><strong>usquead</strong></span> 
     </span>
     <span class='ocr_line' id='line_1_20' title="bbox 194 2203 1203 2284; baseline -0.006 -18"><span class='ocrx_word' id='word_1_149' title='bbox 194 2225 339 2266; x_wconf 85' lang='lat' dir='ltr'><strong>summum</strong></span> <span class='ocrx_word' id='word_1_150' title='bbox 370 2206 555 2266; x_wconf 80' lang='lat' dir='ltr'><strong>aedificiorum</strong></span> <span class='ocrx_word' id='word_1_151' title='bbox 581 2206 731 2284; x_wconf 83' lang='lat' dir='ltr'><strong>fastigium</strong></span> <span class='ocrx_word' id='word_1_152' title='bbox 757 2205 877 2264; x_wconf 81' lang='lat' dir='ltr'><strong>&#39;eodem</strong></span> <span class='ocrx_word' id='word_1_153' title='bbox 902 2203 1046 2268; x_wconf 75' lang='lat' dir='ltr'><strong>laterculo</strong></span> <span class='ocrx_word' id='word_1_154' title='bbox 1074 2211 1203 2264; x_wconf 84' lang='lat' dir='ltr'><strong>utuntur.</strong></span> 
     </span>
     <span class='ocr_line' id='line_1_21' title="bbox 197 2299 1203 2379; baseline -0.005 -17"><span class='ocrx_word' id='word_1_155' title='bbox 197 2300 348 2362; x_wconf 82' lang='lat' dir='ltr'><strong>Oaeterdm</strong></span> <span class='ocrx_word' id='word_1_156' title='bbox 361 2311 507 2362; x_wconf 82' lang='lat' dir='ltr'><strong>struetura</strong></span> <span class='ocrx_word' id='word_1_157' title='bbox 520 2303 606 2362; x_wconf 85' lang='lat' dir='ltr'><strong>letior</strong></span> <span class='ocrx_word' id='word_1_158' title='bbox 626 2303 663 2363; x_wconf 81' lang='lat' dir='ltr'><strong>sb</strong></span> <span class='ocrx_word' id='word_1_159' title='bbox 684 2302 751 2376; x_wconf 85' lang='lat' dir='ltr'><strong>imo,</strong></span> <span class='ocrx_word' id='word_1_160' title='bbox 765 2301 907 2379; x_wconf 80' lang='lat' dir='ltr'><strong>paulatim</strong></span> <span class='ocrx_word' id='word_1_161' title='bbox 920 2301 1099 2360; x_wconf 73' lang='lat' dir='ltr'><strong>incremento</strong></span> <span class='ocrx_word' id='word_1_162' title='bbox 1115 2299 1203 2377; x_wconf 84' lang='lat' dir='ltr'><strong>operis</strong></span> 
     </span>
     <span class='ocr_line' id='line_1_22' title="bbox 194 2396 1202 2475; baseline -0.001 -21"><span class='ocrx_word' id='word_1_163' title='bbox 194 2396 226 2454; x_wconf 88' lang='lat' dir='ltr'><strong>in</strong></span> <span class='ocrx_word' id='word_1_164' title='bbox 245 2399 357 2456; x_wconf 79' lang='lat' dir='ltr'><strong>aretius</strong></span> <span class='ocrx_word' id='word_1_165' title='bbox 381 2399 512 2475; x_wconf 84' lang='lat' dir='ltr'><strong>eogitnr;</strong></span> <span class='ocrx_word' id='word_1_166' title='bbox 544 2398 581 2456; x_wconf 89' lang='lat' dir='ltr'><strong>ad</strong></span> <span class='ocrx_word' id='word_1_167' title='bbox 604 2399 740 2458; x_wconf 87' lang='lat' dir='ltr'><strong>ultimum</strong></span> <span class='ocrx_word' id='word_1_168' title='bbox 759 2399 790 2456; x_wconf 91' lang='lat' dir='ltr'><strong>in</strong></span> <span class='ocrx_word' id='word_1_169' title='bbox 817 2398 922 2458; x_wconf 70' lang='lat' dir='ltr'><strong>somnae</strong></span> <span class='ocrx_word' id='word_1_170' title='bbox 941 2397 1070 2454; x_wconf 77' lang='lat' dir='ltr'><strong>maxime</strong></span> <span class='ocrx_word' id='word_1_171' title='bbox 1089 2396 1202 2454; x_wconf 86' lang='lat' dir='ltr'><strong>modun</strong></span> 
     </span>
     <span class='ocr_line' id='line_1_23' title="bbox 195 2490 1201 2572; baseline 0.002 -26"><span class='ocrx_word' id='word_1_172' title='bbox 195 2495 263 2547; x_wconf 82' lang='lat' dir='ltr'><strong>enit.</strong></span> <span class='ocrx_word' id='word_1_173' title='bbox 306 2490 355 2548; x_wconf 83' lang='lat' dir='ltr'><strong>lbi</strong></span> <span class='ocrx_word' id='word_1_174' title='bbox 377 2491 517 2549; x_wconf 82' lang='lat' dir='ltr'><strong>foramine</strong></span> <span class='ocrx_word' id='word_1_175' title='bbox 539 2492 649 2566; x_wconf 84' lang='lat' dir='ltr'><strong>relicte,</strong></span> <span class='ocrx_word' id='word_1_176' title='bbox 665 2495 789 2572; x_wconf 70' lang='lat' dir='ltr'><strong>superui</strong></span> <span class='ocrx_word' id='word_1_177' title='bbox 812 2492 910 2552; x_wconf 88' lang='lat' dir='ltr'><strong>lumen</strong></span> <span class='ocrx_word' id='word_1_178' title='bbox 923 2492 1077 2568; x_wconf 80' lang='lat' dir='ltr'><strong>eoeipiunt</strong></span> <span class='ocrx_word' id='word_1_179' title='bbox 1123 2491 1201 2550; x_wconf 80' lang='lat' dir='ltr'><strong>Vites</strong></span> 
     </span>
     <span class='ocr_line' id='line_1_24' title="bbox 197 2582 1223 2665; baseline 0.004 -23"><span class='ocrx_word' id='word_1_180' title='bbox 197 2590 227 2642; x_wconf 87' lang='lat' dir='ltr'><strong>et</strong></span> <span class='ocrx_word' id='word_1_181' title='bbox 249 2582 375 2658; x_wconf 80' lang='lat' dir='ltr'><strong>arbores,</strong></span> <span class='ocrx_word' id='word_1_182' title='bbox 400 2584 425 2642; x_wconf 89' lang='lat' dir='ltr'><strong>si</strong></span> <span class='ocrx_word' id='word_1_183' title='bbox 452 2604 517 2662; x_wconf 81' lang='lat' dir='ltr'><strong>quae</strong></span> <span class='ocrx_word' id='word_1_184' title='bbox 537 2586 568 2644; x_wconf 86' lang='lat' dir='ltr'><strong>iu</strong></span> <span class='ocrx_word' id='word_1_185' title='bbox 588 2592 670 2646; x_wconf 86' lang='lat' dir='ltr'><strong>tanto</strong></span> <span class='ocrx_word' id='word_1_186' title='bbox 691 2595 777 2648; x_wconf 76' lang='lat' dir='ltr'><strong>terrae</strong></span> <span class='ocrx_word' id='word_1_187' title='bbox 796 2589 892 2665; x_wconf 88' lang='lat' dir='ltr'><strong>rigore</strong></span> <span class='ocrx_word' id='word_1_188' title='bbox 912 2587 1018 2646; x_wconf 86' lang='lat' dir='ltr'><strong>durare</strong></span> <span class='ocrx_word' id='word_1_189' title='bbox 1037 2593 1223 2664; x_wconf 70' lang='lat' dir='ltr'><strong>potueruut·</strong></span> 
     </span>
     <span class='ocr_line' id='line_1_25' title="bbox 197 2679 1199 2759; baseline 0.001 -20"><span class='ocrx_word' id='word_1_190' title='bbox 197 2679 342 2756; x_wconf 83' lang='lat' dir='ltr'><strong>obruunt3</strong></span> <span class='ocrx_word' id='word_1_191' title='bbox 376 2679 492 2759; x_wconf 89' lang='lat' dir='ltr'><strong>penitus</strong></span> <span class='ocrx_word' id='word_1_192' title='bbox 521 2679 623 2757; x_wconf 85' lang='lat' dir='ltr'><strong>hyeme</strong></span> <span class='ocrx_word' id='word_1_193' title='bbox 653 2682 776 2744; x_wconf 83' lang='lat' dir='ltr'><strong>defossae</strong></span> <span class='ocrx_word' id='word_1_194' title='bbox 802 2683 915 2742; x_wconf 84' lang='lat' dir='ltr'><strong>latent:</strong></span> <span class='ocrx_word' id='word_1_195' title='bbox 950 2683 1027 2756; x_wconf 81' lang='lat' dir='ltr'><strong>edm,</strong></span> <span class='ocrx_word' id='word_1_196' title='bbox 1055 2682 1123 2742; x_wconf 84' lang='lat' dir='ltr'><strong>nire</strong></span> <span class='ocrx_word' id='word_1_197' title='bbox 1152 2683 1199 2740; x_wconf 84' lang='lat' dir='ltr'><strong>dia·</strong></span> 
     </span>
     <span class='ocr_line' id='line_1_26' title="bbox 198 2776 1198 2858; baseline 0.001 -21"><span class='ocrx_word' id='word_1_198' title='bbox 198 2780 291 2854; x_wconf 67' lang='lat' dir='ltr'><strong>aussi,</strong></span> <span class='ocrx_word' id='word_1_199' title='bbox 314 2777 420 2855; x_wconf 88' lang='lat' dir='ltr'><strong>aperiri</strong></span> <span class='ocrx_word' id='word_1_200' title='bbox 443 2776 548 2836; x_wconf 86' lang='lat' dir='ltr'><strong>humus</strong></span> <span class='ocrx_word' id='word_1_201' title='bbox 572 2777 668 2856; x_wconf 85' lang='lat' dir='ltr'><strong>eoepit,</strong></span> <span class='ocrx_word' id='word_1_202' title='bbox 691 2778 764 2838; x_wconf 81' lang='lat' dir='ltr'><strong>eaelo</strong></span> <span class='ocrx_word' id='word_1_203' title='bbox 786 2779 898 2858; x_wconf 86' lang='lat' dir='ltr'><strong>solique</strong></span> <span class='ocrx_word' id='word_1_204' title='bbox 920 2776 1089 2836; x_wconf 89' lang='lat' dir='ltr'><strong>redduntur.</strong></span> <span class='ocrx_word' id='word_1_205' title='bbox 1145 2777 1198 2838; x_wconf 70' lang='lat' dir='ltr'><strong>Ga</strong></span> 
     </span>
     <span class='ocr_line' id='line_1_27' title="bbox 197 2871 1197 2952; baseline -0.002 -20"><span class='ocrx_word' id='word_1_206' title='bbox 197 2875 295 2932; x_wconf 90' lang='lat' dir='ltr'><strong>terdm</strong></span> <span class='ocrx_word' id='word_1_207' title='bbox 308 2874 380 2933; x_wconf 83' lang='lat' dir='ltr'><strong>aded</strong></span> <span class='ocrx_word' id='word_1_208' title='bbox 395 2873 462 2933; x_wconf 85' lang='lat' dir='ltr'><strong>eltae</strong></span> <span class='ocrx_word' id='word_1_209' title='bbox 475 2871 556 2934; x_wconf 77' lang='lat' dir='ltr'><strong>nives</strong></span> <span class='ocrx_word' id='word_1_210' title='bbox 570 2881 704 2951; x_wconf 89' lang='lat' dir='ltr'><strong>premunt</strong></span> <span class='ocrx_word' id='word_1_211' title='bbox 718 2881 834 2949; x_wconf 85' lang='lat' dir='ltr'><strong>terram,</strong></span> <span class='ocrx_word' id='word_1_212' title='bbox 847 2873 916 2952; x_wconf 87' lang='lat' dir='ltr'><strong>gelu</strong></span> <span class='ocrx_word' id='word_1_213' title='bbox 929 2881 959 2930; x_wconf 93' lang='lat' dir='ltr'><strong>et</strong></span> <span class='ocrx_word' id='word_1_214' title='bbox 979 2879 1117 2950; x_wconf 85' lang='lat' dir='ltr'><strong>perpetuo</strong></span> <span class='ocrx_word' id='word_1_215' title='bbox 1130 2873 1197 2950; x_wconf 71' lang='lat' dir='ltr'><strong>peni</strong></span> 
     </span>
     <span class='ocr_line' id='line_1_28' title="bbox 198 2967 1196 3046; baseline 0 -20"><span class='ocrx_word' id='word_1_216' title='bbox 198 2969 293 3044; x_wconf 86' lang='lat' dir='ltr'><strong>rigore</strong></span> <span class='ocrx_word' id='word_1_217' title='bbox 318 2970 488 3043; x_wconf 79' lang='lat' dir='ltr'><strong>oenatrietae,</strong></span> <span class='ocrx_word' id='word_1_218' title='bbox 510 2975 545 3028; x_wconf 91' lang='lat' dir='ltr'><strong>ut</strong></span> <span class='ocrx_word' id='word_1_219' title='bbox 568 2987 604 3026; x_wconf 91' lang='lat' dir='ltr'><strong>ne</strong></span> <span class='ocrx_word' id='word_1_220' title='bbox 629 2969 725 3028; x_wconf 86' lang='lat' dir='ltr'><strong>arium</strong></span> <span class='ocrx_word' id='word_1_221' title='bbox 745 2969 864 3046; x_wconf 88' lang='lat' dir='ltr'><strong>quidem</strong></span> <span class='ocrx_word' id='word_1_222' title='bbox 884 2967 1100 3032; x_wconf 76' lang='lat' dir='ltr'><strong>feraeveullim</strong></span> <span class='ocrx_word' id='word_1_223' title='bbox 1117 2969 1196 3027; x_wconf 82' lang='lat' dir='ltr'><strong>resti·</strong></span> 
     </span>
     <span class='ocr_line' id='line_1_29' title="bbox 199 3061 1195 3142; baseline 0.002 -24"><span class='ocrx_word' id='word_1_224' title='bbox 199 3063 280 3140; x_wconf 79' lang='lat' dir='ltr'><strong>giam</strong></span> <span class='ocrx_word' id='word_1_225' title='bbox 304 3071 407 3121; x_wconf 85' lang='lat' dir='ltr'><strong>exstet.</strong></span> <span class='ocrx_word' id='word_1_226' title='bbox 452 3063 586 3126; x_wconf 73' lang='lat' dir='ltr'><strong>Obsonia</strong></span> <span class='ocrx_word' id='word_1_227' title='bbox 605 3063 670 3126; x_wconf 78' lang='lat' dir='ltr'><strong>omli</strong></span> <span class='ocrx_word' id='word_1_228' title='bbox 689 3063 789 3124; x_wconf 81' lang='lat' dir='ltr'><strong>veritis</strong></span> <span class='ocrx_word' id='word_1_229' title='bbox 812 3063 923 3136; x_wconf 87' lang='lat' dir='ltr'><strong>umbre,</strong></span> <span class='ocrx_word' id='word_1_230' title='bbox 938 3065 1033 3142; x_wconf 69' lang='lat' dir='ltr'><strong>&#39;qnam</strong></span> <span class='ocrx_word' id='word_1_231' title='bbox 1048 3061 1113 3137; x_wconf 86' lang='lat' dir='ltr'><strong>lux,</strong></span> <span class='ocrx_word' id='word_1_232' title='bbox 1124 3063 1195 3122; x_wconf 88' lang='lat' dir='ltr'><strong>noeti</strong></span> 
     </span>
     <span class='ocr_line' id='line_1_30' title="bbox 200 3155 1192 3238; baseline 0 -22"><span class='ocrx_word' id='word_1_233' title='bbox 200 3155 305 3216; x_wconf 87' lang='lat' dir='ltr'><strong>similis</strong></span> <span class='ocrx_word' id='word_1_234' title='bbox 318 3157 425 3234; x_wconf 86' lang='lat' dir='ltr'><strong>premit</strong></span> <span class='ocrx_word' id='word_1_235' title='bbox 438 3165 555 3234; x_wconf 84' lang='lat' dir='ltr'><strong>terram,</strong></span> <span class='ocrx_word' id='word_1_236' title='bbox 566 3160 616 3219; x_wconf 85' lang='lat' dir='ltr'><strong>vix</strong></span> <span class='ocrx_word' id='word_1_237' title='bbox 630 3167 664 3218; x_wconf 90' lang='lat' dir='ltr'><strong>ut</strong></span> <span class='ocrx_word' id='word_1_238' title='bbox 676 3175 742 3238; x_wconf 79' lang='lat' dir='ltr'><strong>quae</strong></span> <span class='ocrx_word' id='word_1_239' title='bbox 751 3162 843 3237; x_wconf 72' lang='lat' dir='ltr'><strong>prope</strong></span> <span class='ocrx_word' id='word_1_240' title='bbox 856 3167 933 3232; x_wconf 89' lang='lat' dir='ltr'><strong>suut,</strong></span> <span class='ocrx_word' id='word_1_241' title='bbox 948 3158 1073 3235; x_wconf 87' lang='lat' dir='ltr'><strong>eonspioi</strong></span> <span class='ocrx_word' id='word_1_242' title='bbox 1085 3159 1192 3236; x_wconf 75' lang='lat' dir='ltr'><strong>possint</strong></span> 
     </span>
     <span class='ocr_line' id='line_1_31' title="bbox 265 3251 1193 3316; baseline 0.001 -4"><span class='ocrx_word' id='word_1_243' title='bbox 265 3255 308 3312; x_wconf 88' lang='lat' dir='ltr'><strong>ll.</strong></span> <span class='ocrx_word' id='word_1_244' title='bbox 330 3251 368 3310; x_wconf 91' lang='lat' dir='ltr'><strong>In</strong></span> <span class='ocrx_word' id='word_1_245' title='bbox 382 3252 437 3310; x_wconf 73' lang='lat' dir='ltr'><strong>hdo</strong></span> <span class='ocrx_word' id='word_1_246' title='bbox 451 3262 548 3312; x_wconf 87' lang='lat' dir='ltr'><strong>tamen</strong></span> <span class='ocrx_word' id='word_1_247' title='bbox 562 3255 654 3316; x_wconf 86' lang='lat' dir='ltr'><strong>omnis</strong></span> <span class='ocrx_word' id='word_1_248' title='bbox 674 3254 793 3312; x_wconf 87' lang='lat' dir='ltr'><strong>humani</strong></span> <span class='ocrx_word' id='word_1_249' title='bbox 806 3253 906 3312; x_wconf 80' lang='lat' dir='ltr'><strong>oultrls</strong></span> <span class='ocrx_word' id='word_1_250' title='bbox 919 3253 1074 3314; x_wconf 79' lang='lat' dir='ltr'><strong>solitudine</strong></span> <span class='ocrx_word' id='word_1_251' title='bbox 1087 3253 1193 3313; x_wconf 80' lang='lat' dir='ltr'><strong>destitu-</strong></span> 
     </span>
     <span class='ocr_line' id='line_1_32' title="bbox 201 3347 1191 3428; baseline -0.004 -18"><span class='ocrx_word' id='word_1_252' title='bbox 201 3358 250 3410; x_wconf 87' lang='lat' dir='ltr'><strong>tus</strong></span> <span class='ocrx_word' id='word_1_253' title='bbox 274 3347 426 3424; x_wconf 83' lang='lat' dir='ltr'><strong>exereitus,</strong></span> <span class='ocrx_word' id='word_1_254' title='bbox 453 3347 760 3428; x_wconf 84' lang='lat' dir='ltr'><strong>quidquidmalerum</strong></span> <span class='ocrx_word' id='word_1_255' title='bbox 787 3347 907 3408; x_wconf 82' lang='lat' dir='ltr'><strong>tolerari</strong></span> <span class='ocrx_word' id='word_1_256' title='bbox 932 3350 1047 3426; x_wconf 84' lang='lat' dir='ltr'><strong>potest,¹</strong></span> <span class='ocrx_word' id='word_1_257' title='bbox 1064 3348 1191 3425; x_wconf 89' lang='lat' dir='ltr'><strong>pertulit:</strong></span> 
     </span>
     <span class='ocr_line' id='line_1_33' title="bbox 202 3441 1190 3526; baseline -0.004 -20"><span class='ocrx_word' id='word_1_258' title='bbox 202 3446 336 3526; x_wconf 77' lang='lat' dir='ltr'><strong>inopiam,</strong></span> <span class='ocrx_word' id='word_1_259' title='bbox 358 3443 460 3522; x_wconf 82' lang='lat' dir='ltr'><strong>frigus,</strong></span> <span class='ocrx_word' id='word_1_260' title='bbox 475 3441 684 3520; x_wconf 77' lang='lat' dir='ltr'><strong>lassitudinem,</strong></span> <span class='ocrx_word' id='word_1_261' title='bbox 697 3443 937 3521; x_wconf 71' lang='lat' dir='ltr'><strong>desperationem.</strong></span> <span class='ocrx_word' id='word_1_262' title='bbox 980 3441 1088 3502; x_wconf 78' lang='lat' dir='ltr'><strong>Multos</strong></span> <span class='ocrx_word' id='word_1_263' title='bbox 1111 3444 1190 3502; x_wconf 86' lang='lat' dir='ltr'><strong>exani·</strong></span> 
     </span>
     <span class='ocr_line' id='line_1_34' title="bbox 202 3536 1190 3619; baseline -0.008 -16"><span class='ocrx_word' id='word_1_264' title='bbox 202 3543 293 3603; x_wconf 83' lang='lat' dir='ltr'><strong>merit</strong></span> <span class='ocrx_word' id='word_1_265' title='bbox 306 3541 384 3619; x_wconf 87' lang='lat' dir='ltr'><strong>rigor</strong></span> <span class='ocrx_word' id='word_1_266' title='bbox 405 3537 540 3598; x_wconf 84' lang='lat' dir='ltr'><strong>insolitus</strong></span> <span class='ocrx_word' id='word_1_267' title='bbox 561 3537 655 3598; x_wconf 80' lang='lat' dir='ltr'><strong>uiris:</strong></span> <span class='ocrx_word' id='word_1_268' title='bbox 676 3537 977 3614; x_wconf 82' lang='lat' dir='ltr'><strong>multorum‘ednssit</strong></span> <span class='ocrx_word' id='word_1_269' title='bbox 996 3536 1097 3614; x_wconf 90' lang='lat' dir='ltr'><strong>pedes:</strong></span> <span class='ocrx_word' id='word_1_270' title='bbox 1116 3538 1190 3619; x_wconf 81' lang='lat' dir='ltr'><strong>pluri·</strong></span> 
     </span>
     <span class='ocr_line' id='line_1_35' title="bbox 203 3633 1190 3714; baseline -0.005 -18"><span class='ocrx_word' id='word_1_271' title='bbox 203 3656 315 3698; x_wconf 89' lang='lat' dir='ltr'><strong>morum</strong></span> <span class='ocrx_word' id='word_1_272' title='bbox 338 3635 429 3696; x_wconf 77' lang='lat' dir='ltr'><strong>oeulis</strong></span> <span class='ocrx_word' id='word_1_273' title='bbox 450 3633 595 3714; x_wconf 79' lang='lat' dir='ltr'><strong>praeeipud</strong></span> <span class='ocrx_word' id='word_1_274' title='bbox 616 3633 813 3711; x_wconf 73' lang='lat' dir='ltr'><strong>perniciabilis</strong></span> <span class='ocrx_word' id='word_1_275' title='bbox 834 3634 900 3692; x_wconf 86' lang='lat' dir='ltr'><strong>fnit.</strong></span> <span class='ocrx_word' id='word_1_276' title='bbox 944 3633 1073 3711; x_wconf 76' lang='lat' dir='ltr'><strong>Fatigati</strong></span> <span class='ocrx_word' id='word_1_277' title='bbox 1093 3651 1190 3712; x_wconf 82' lang='lat' dir='ltr'><strong>quoque</strong></span> 
     </span>
     <span class='ocr_line' id='line_1_36' title="bbox 204 3727 1190 3810; baseline -0.006 -18"><span class='ocrx_word' id='word_1_278' title='bbox 204 3733 311 3810; x_wconf 79' lang='lat' dir='ltr'><strong>inipso</strong></span> <span class='ocrx_word' id='word_1_279' title='bbox 325 3733 392 3810; x_wconf 83' lang='lat' dir='ltr'><strong>gelu</strong></span> <span class='ocrx_word' id='word_1_280' title='bbox 414 3733 577 3792; x_wconf 79' lang='lat' dir='ltr'><strong>deficientia</strong></span> <span class='ocrx_word' id='word_1_281' title='bbox 600 3748 719 3808; x_wconf 76' lang='lat' dir='ltr'><strong>corpora</strong></span> <span class='ocrx_word' id='word_1_282' title='bbox 740 3729 926 3789; x_wconf 83' lang='lat' dir='ltr'><strong>sternebant:</strong></span> <span class='ocrx_word' id='word_1_283' title='bbox 946 3729 1013 3805; x_wconf 83' lang='lat' dir='ltr'><strong>quae&#39;</strong></span> <span class='ocrx_word' id='word_1_284' title='bbox 1025 3727 1088 3786; x_wconf 84' lang='lat' dir='ltr'><strong>adm</strong></span> <span class='ocrx_word' id='word_1_285' title='bbox 1097 3727 1190 3787; x_wconf 82' lang='lat' dir='ltr'><strong>moveri</strong></span> 
     </span>
     <span class='ocr_line' id='line_1_37' title="bbox 206 3821 1189 3906; baseline -0.004 -20"><span class='ocrx_word' id='word_1_286' title='bbox 206 3825 360 3900; x_wconf 80' lang='lat' dir='ltr'><strong>desissent,</strong></span> <span class='ocrx_word' id='word_1_287' title='bbox 376 3827 420 3886; x_wconf 84' lang='lat' dir='ltr'><strong>ris</strong></span> <span class='ocrx_word' id='word_1_288' title='bbox 431 3827 550 3906; x_wconf 80' lang='lat' dir='ltr'><strong>trigoris</strong></span> <span class='ocrx_word' id='word_1_289' title='bbox 563 3827 608 3886; x_wconf 76' lang='lat' dir='ltr'><strong>ua</strong></span> <span class='ocrx_word' id='word_1_290' title='bbox 620 3822 809 3902; x_wconf 68' lang='lat' dir='ltr'><strong>astringebat,</strong></span> <span class='ocrx_word' id='word_1_291' title='bbox 822 3829 858 3880; x_wconf 84' lang='lat' dir='ltr'><strong>ut</strong></span> <span class='ocrx_word' id='word_1_292' title='bbox 870 3823 973 3882; x_wconf 83' lang='lat' dir='ltr'><strong>rnrsds</strong></span> <span class='ocrx_word' id='word_1_293' title='bbox 986 3821 1024 3880; x_wconf 85' lang='lat' dir='ltr'><strong>ad</strong></span> <span class='ocrx_word' id='word_1_294' title='bbox 1037 3823 1189 3901; x_wconf 77' lang='lat' dir='ltr'><strong>surgendum</strong></span> 
     </span>
    </p>
   </div>
   <div class='ocr_carea' id='block_1_3' title="bbox 0 0 1274 4390">
    <p class='ocr_par' dir='ltr' id='par_1_3' title="bbox 0 0 1274 4390">
     <span class='ocr_line' id='line_1_38' title="bbox 0 0 1274 4390; baseline 0 0"><span class='ocrx_word' id='word_1_295' title='bbox 0 0 1274 4390; x_wconf 95' lang='lat' dir='ltr'><strong> </strong></span> 
     </span>
    </p>
   </div>
  </div>
 </body>
</html>
