2600 4394
200 403 239 461 42
548 413 694 463 curaer
716 410 857 456 curun

199 569 307 630 tarum,
321 573 420 614 remex
437 554 541 614 militis
565 553 657 614 officia
680 551 824 629 turbabat,
839 561 878 630 et,
893 553 971 635 quod
991 553 1021 614 in
1041 553 1215 632 huiuamodi

199 669 269 708 casu
293 648 407 723 accidit,
432 648 521 727 periti
543 647 652 726 ignaris
676 649 832 725 parebant;
860 651 968 728 qnippe
992 649 1214 729 gubernatores,

199 743 272 802 elide
294 745 437 821 imperare
457 742 548 817 soliti,
562 749 625 800 tum
643 749 725 800 metu
744 744 847 802 mortis
864 747 947 821 jussa
966 742 1212 822 exsequebantur.

200 837 332 897 Tandem
345 837 434 896 remis
447 835 627 914 pertinacius
641 837 843 896 everberatum
856 857 944 912 mare,
955 838 1049 898 veluti
1062 838 1213 916 eripienti-

198 931 254 993 bus
268 933 384 1014 navigia
397 932 417 961 ¹¹
426 929 554 991 classicis
568 931 691 1006 ¹'cessit
706 931 882 1011 appulsaque
901 940 971 992 sunt
989 932 1094 1008 littori,
1108 933 1213 993 '‘lace-

197 1035 262 1088 reta
276 1027 420 1105 pleneque.

260 1123 305 1179 14.
330 1119 441 1178 Iisdem
454 1119 530 1178 forto
551 1118 654 1178 diebus
676 1117 958 1199 Carthaginiensium
977 1119 1066 1198 legati
1087 1119 1213 1198 triginta

198 1214 415 1291 superveniunt,
426 1215 521 1290 majus
535 1213 660 1274 obsessis
673 1213 808 1274 solatium
821 1216 909 1292 quarn
922 1215 1079 1273 auxilium:
1097 1215 1212 1293 quippei

200 1307 359 1367 domestico
382 1307 459 1368 bello
482 1307 589 1366 Poenos
608 1307 781 1385 ’'impediri,
802 1327 855 1366 nec
876 1307 912 1366 de
933 1307 1063 1386 imperio,
1084 1308 1137 1367 sed
1157 1293 1219 1384 pro

197 1403 293 1464 salute
307 1404 443 1464 dimicare
466 1402 649 1462 nunciabant.
691 1401 895 1480 ”Syracusani
914 1409 977 1460 tum
991 1402 1124 1461 Africam
1146 1421 1210 1461 ure·
1278 1419 1279 1460 3

81 1546 86 1558 .
197 1497 284 1575 bant;
311 1507 341 1558 et
361 1499 439 1557 haud
463 1498 563 1575 procul
589 1496 773 1574 Carthaginis
796 1497 888 1555 muris
908 1497 1075 1557 locaverant
1102 1503 1209 1556 castra.

198 1591 266 1650 Non
288 1600 385 1650 temen
399 1592 530 1649 defecere
551 1591 654 1648 animis
677 1591 768 1667 Tyrii,
783 1611 945 1670 quenquam
966 1591 1003 1652 ab
1025 1591 1138 1670 ingenti
1160 1611 1210 1669 sps

197 1684 335 1742 destituti
354 1689 444 1757 erant,
459 1685 511 1742 sed
524 1686 661 1762 conjuges
681 1683 845 1763 liberosque
864 1684 1045 1744 devehendos
1060 1684 1210 1764 Carthagi-

196 1797 263 1837 nem
278 1775 472 1852 tradiderunt,
486 1777 621 1836 ¹'fortius
635 1777 778 1857 quidquid
791 1777 933 1838 accideret
945 1778 1043 1853 laturi,
1058 1778 1083 1837 si
1097 1780 1211 1840 carissi·

197 1891 273 1933 marn
288 1872 334 1930 sui
348 1878 460 1950 partem
482 1880 565 1932 extra
579 1874 737 1934 communis
758 1873 880 1951 periculi
902 1880 1009 1933 sortem
1030 1873 1208 1934 habuissent

198 1966 333 2045 Cumque
353 1985 428 2026 unus
443 1985 459 2026 e
472 1967 585 2028 civibus
599 1968 733 2028 concione
754 1967 920 2044 indicasset,
933 1967 1060 2029 oblatam
1080 1987 1144 2028 csse
1157 1989 1211 2046 per

197 2079 329 2121 somnum
345 2062 400 2121 sibi
415 2063 537 2140 speciem
554 2063 709 2140 Apollinis,
723 2081 809 2141 quem
822 2061 958 2121 ¹'eximit
978 2061 1118 2140 religione
1135 2063 1210 2122 cole·

197 2158 387 2233 conturbem
410 2157 585 2236 deserentis;
605 2158 767 2238 molemque
787 2155 1026 2218 aMacedonibus
1045 2159 1156 2235 jactam
1178 2159 1209 2218 in

197 2254 266 2329 salo,
284 2254 316 2312 in
338 2253 509 2332 sylvestrem
531 2253 637 2313 saltum
659 2273 721 2312 esse
743 2259 903 2311 mutatam:
924 2269 1087 2331 quanquam
1108 2259 1210 2312 auctor

196 2349 297 2408 ¹’levis
311 2358 382 2424 erat,
397 2357 494 2408 tamen
508 2350 546 2407 ad
560 2349 705 2408 deteriore
725 2347 869 2406 credenda
887 2346 972 2424 proni
985 2353 1075 2421 metu,
1089 2345 1108 2374 '⁰
1117 2351 1209 2406 aurct

196 2446 300 2500 catena
314 2442 469 2500 deduxere
489 2441 684 2515 simulacrum,
699 2459 814 2518 araeque
835 2439 982 2516 Herculis,
995 2442 1080 2516 cujus
1091 2441 1206 2500 numini

196 2535 298 2595 urbem
322 2535 495 2608 dicaverant,
510 2535 657 2594 inseruere
670 2535 826 2610 vinculum,
840 2535 924 2614 qnasi
945 2535 997 2594 illo
1017 2533 1080 2594 Dec
1094 2535 1206 2612 Apolli-

195 2647 263 2689 nem
276 2629 461 2687 ”retentura
505 2627 656 2706 Syracusis
670 2629 702 2686 id
716 2629 901 2688 simulacrum
921 2629 1097 2689 devexerant
1110 2629 1207 2705 Poeni,

196 2730 227 2783 et
237 2724 267 2782 in
281 2722 416 2800 ”majore
430 2722 596 2783 locaverant
609 2723 715 2799 patrie,
725 2722 882 2802 multisque
896 2722 961 2781 aliis
975 2721 1077 2800 spoliis
1090 2723 1207 2784 urbium

198 2837 215 2877 a
229 2825 319 2878 semet
333 2826 489 2897 captarum,
498 2835 556 2875 non
571 2813 775 2894 Carthaginem
788 2817 891 2896 magis,
901 2818 990 2896 quam
1001 2816 1112 2894 Tyrum
1126 2835 1208 2876 ema·

195 2921 306 2974 verant.

261 3009 302 3064 15.
324 3005 474 3066 ¹'Sacrum
497 3025 619 3085 qnoque,
644 3004 733 3084 (quod
756 3004 873 3083 quidem
895 3004 961 3064 Diis
984 3005 1105 3064 minime
1127 3006 1208 3066 cordi

197 3119 260 3161 esse
274 3100 457 3180 crediderim)
471 3102 571 3161 multis
592 3101 706 3162 saeculis
725 3101 931 3176 intermissum,
945 3099 1096 3178 repetendi
1109 3107 1207 3160 auoto-

196 3215 243 3257 res
268 3196 385 3274 quidem
413 3203 503 3270 erant,
525 3205 560 3256 nt
583 3198 725 3276 ingennus
747 3215 820 3274 puer
847 3195 973 3256 Saturno
999 3195 1206 3256 immolaretur.

197 3291 283 3363 Quod
298 3289 479 3367 sacrilegium
492 3289 591 3350 verius
605 3293 694 3369 quam
709 3309 831 3364 sacrum,
845 3288 1096 3369 Carthaginenses,
1112 3309 1130 3348 a
1143 3308 1208 3348 con·

196 3383 341 3445 ditoribus
364 3383 514 3456 traditum,
529 3401 620 3462 usque
635 3385 672 3442 ad
693 3385 839 3444 excidium
860 3383 943 3443 urbis
963 3403 1025 3444 suaa
1047 3383 1151 3442 fecisse
1164 3383 1207 3442 di·

196 3488 316 3539 cuntur:
337 3497 370 3536 ac
383 3477 442 3536 nisi
455 3477 475 3506 ⁸⁴
483 3477 618 3538 Cenicrcs
632 3479 821 3553 obstitissent,
832 3497 956 3558 quorum
969 3478 1090 3538 consilio
1104 3485 1210 3536 cuncta

196 3575 364 3652 agebantur,
386 3572 596 3632 humanitatem
619 3572 683 3630 dira
704 3574 873 3650 superstitio
894 3573 1020 3632 vicisset.
1063 3571 1209 3632 Caeterum

196 3669 335 3728 efficacior
357 3669 438 3728 omni
462 3675 524 3726 arto
547 3667 699 3726 imminens
721 3669 886 3742 necessitas,
908 3685 966 3726 non
988 3668 1099 3726 usitata
1120 3667 1209 3726 modd

93 3771 105 3786 ⁸
195 3763 339 3840 praesidia,
363 3765 414 3825 red
439 3763 574 3844 quaedam
600 3762 687 3822 etiam
711 3783 786 3822 nova
807 3764 970 3824 ⁸'admovit
1015 3762 1149 3840 Namque
1169 3763 1212 3822 ed

196 3855 372 3937 implicanda
398 3859 513 3938 navigia
539 3877 606 3938 quae
631 3875 730 3917 muros
757 3857 902 3932 subibant,
928 3855 1037 3918 validis
1063 3854 1214 3918 uranus
