2600 4394
209 375 249 437 50
554 378 695 442 ous'uns
726 389 865 432 eonon

208 529 240 590 in
252 529 380 603 humero,
393 529 523 590 medious
535 529 601 606 ejus
616 527 772 606 Philippus
792 525 899 588 evellit
942 525 1094 588 Plurimus
1114 527 1236 588 deinde

209 624 326 701 sanguis
340 643 456 686 manare
476 624 584 702 eoepit3
608 624 742 684 omnibus
764 623 888 696 territis,
902 623 972 702 quie
991 641 1145 701 nunqnam
1168 630 1235 682 tam

208 717 268 778 alte
282 723 450 796 ponetrtsso
471 719 562 782 telum
582 719 674 778 loriot
688 718 831 792 obstante,
847 723 1048 796 eognoverant
1091 715 1178 794 Ipse,
1195 737 1234 776 ne

208 813 267 874 oris
291 813 409 894 quidem
430 814 527 874 oolore
550 821 672 888 mutato,
696 812 839 891 supprimi
864 813 1042 892 sanguinem,
1064 819 1095 872 et
1115 813 1233 874 vulnus

207 907 331 987 obligari
342 909 437 985 jussit.
481 907 544 967 Diu
555 913 622 968 ante
636 908 701 985 ipsa
714 908 805 988 signs,
816 907 866 970 vel
879 907 1071 981 dissimulato,
1083 907 1135 967 uel
1147 909 1231 967 vieto

207 1001 308 1064 dolore
323 1004 341 1032 ¹⁹
349 1001 527 1081 perstiterat,
543 1005 607 1062 olm
622 1019 795 1082 suppressus
815 1001 901 1080 poulo
916 1002 983 1062 ante
999 1003 1118 1080 sanguis
1133 1003 1230 1062 medi-

206 1103 348 1172 tamento,
362 1115 419 1176 quo
439 1104 570 1158 retentus
593 1104 664 1172 erat,
679 1114 796 1157 manare
818 1097 910 1156 lotide
930 1096 1031 1174 ooepit;
1054 1097 1229 1171 etwinus,

206 1191 285 1270 quod
308 1211 409 1250 reeens
431 1191 526 1252 adhue
551 1191 679 1252 dolorem
700 1211 758 1250 non
778 1197 916 1266 moverat,
930 1191 1056 1269 frigente
1081 1192 1229 1271 sanguine

207 1286 355 1346 intumuit
397 1288 419 1318 '⁰
428 1287 536 1368 Linqui
551 1287 659 1346 deinde
678 1287 782 1362 animo,
797 1293 828 1346 et
841 1287 861 1316 ¹¹
871 1285 1005 1346 submitti
1025 1301 1102 1364 genu
1116 1287 1227 1364 eoepit;

206 1401 292 1461 quem
311 1382 439 1460 proximi
458 1389 612 1461 exeeptnm
626 1383 657 1442 in
676 1389 772 1442 eastre
791 1387 972 1459 receperunt
1015 1379 1057 1440 tit
1070 1379 1171 1456 Betis,
1186 1381 1226 1440 iu·

205 1479 361 1538 terieotum
374 1486 464 1553 ratus,
479 1479 581 1540 urbem
595 1495 685 1538 ovans
697 1477 821 1536 vietorit
835 1475 951 1554 repetit

267 1575 314 1632 26.
336 1573 381 1632 At
403 1571 582 1646 Alexander,
603 1571 731 1632 nondum
752 1577 905 1649 peronneto
925 1569 1054 1643 vulnere,
1076 1588 1224 1647 aggerem,

206 1685 264 1745 quo
278 1667 416 1726 moenium
430 1666 616 1726 altitudinem
630 1672 767 1744 mqueret,
778 1665 935 1740 exstruxit,
951 1671 982 1724 et
994 1664 1130 1742 pluribus
1145 1665 1224 1723 onni-
1279 1695 1281 1786 p

207 1760 281 1820 oulis
294 1779 393 1821 muros
407 1761 510 1822 subrui
527 1761 624 1838 jussit.
667 1761 815 1840 Oppidani
835 1761 873 1820 ad
893 1761 1050 1840 pristinum
1069 1760 1225 1838 fastigium
1279 1791 1281 1832 t

207 1855 352 1931 nomnium,
366 1875 473 1918 novum
495 1862 652 1916 extruxere
673 1857 901 1934 munimentum
924 1855 976 1917 sed
996 1875 1034 1916 ne
1048 1855 1080 1916 id
1101 1856 1225 1935 quidem
1279 1857 1280 1878 ÷

207 1939 305 2012 turios
332 1952 433 2032 oggeri
459 1952 612 2031 impositas
638 1973 753 2032 oequsre
779 1960 903 2032 poterut
947 1953 1054 2032 Itaque
1080 1951 1226 2012 interiora

206 2065 322 2127 quoqne
335 2047 419 2107 urbis
432 2047 541 2108 infesta
553 2048 622 2108 telis
637 2056 729 2110 erant.
772 2049 887 2110 Ultima
899 2048 993 2126 pestis
1006 2047 1090 2109 urbis
1102 2048 1165 2106 fuit
1179 2067 1225 2106 ou-

206 2143 306 2206 nioulo
321 2143 461 2206 subrutus
475 2163 586 2220 murus,
600 2165 652 2224 per
666 2147 750 2222 eujus
764 2145 865 2206 ruinas
874 2144 969 2204 hostis
989 2142 1119 2204 intravit.
1164 2143 1224 2204 Dn-

207 2241 293 2301 oebat
312 2241 375 2320 ipse
396 2240 465 2301 Rex
486 2243 508 2270 '¹
517 2242 730 2320 antesignano,
745 2245 776 2300 et
790 2240 859 2299 dnm
880 2239 1027 2298 inoautids
1048 2239 1137 2313 subit,
1152 2257 1224 2298 saxo

207 2355 273 2398 trus
295 2340 360 2415 ejus
382 2337 527 2416 affligitur.
571 2337 698 2398 Innixus
719 2343 817 2396 temen
839 2335 908 2410 telo,
929 2335 1091 2394 ”nondum
1113 2335 1223 2412 prioris

207 2431 338 2492 vulneris
352 2431 481 2490 obduott
495 2432 635 2506 oioatrioe,
647 2432 725 2491 inter
738 2432 880 2510 primores
895 2431 1031 2490 dimioat:
1052 2429 1223 2510 iniqueque

207 2541 353 2599 aecensus,
367 2524 446 2602 qutd
459 2524 517 2584 duo
531 2525 562 2584 in
576 2523 725 2584 obsidione
744 2526 826 2587 urbis
841 2529 904 2604 ejus
924 2533 1077 2604 aooeperat
1089 2525 1220 2586 vulnera.

208 2619 317 2693 Betim,
332 2620 449 2698 egregit
469 2619 549 2678 edito
569 2623 676 2698 pugne,
691 2621 848 2700 multisque
861 2622 1031 2683 vulneribus
1051 2621 1221 2695 eonfeotum,

208 2713 479 2776 deseruerantsui:
499 2719 670 2774 nontamen
693 2717 811 2796 segnius
833 2717 969 2795 praelium
990 2715 1166 2795 oepeseebat,
1182 2716 1222 2776 lu·
1277 2775 1278 2784 ,

207 2811 296 2872 briois
319 2811 408 2872 armis
433 2829 486 2872 eno
507 2809 619 2889 pariter
639 2818 726 2890 utque
750 2812 879 2872 hostium
903 2807 1056 2891 sangnine:
1078 2811 1130 2872 sed
1152 2813 1221 2870 edm

207 2907 337 2986 undique
357 2905 402 2985 [¹⁴
409 2926 484 2968 unus
499 2907 627 2969 omnium
650 2907 719 2968 telis
742 2914 900 2987 peteretur,
915 2909 954 2968 ad
974 2915 1152 2986 postremum
1174 2926 1220 2966 ex-

209 3000 320 3058 haustis
333 3001 445 3062 viribus
455 3002 540 3064 vivus
553 3002 584 3060 in
597 3008 772 3080 potestatem
784 3002 913 3062 hostium
925 3003 1023 3064 venit:
1043 3021 1101 3080 quo
1115 3001 1151 3062 ad
1165 3001 1221 3062 Re·

209 3093 288 3174 gem]
300 3093 435 3170 addnoto,
446 3095 583 3156 insolenti
592 3097 699 3176 gaudio
710 3097 731 3128 ¹⁸
736 3097 852 3176 juvenis
863 3097 967 3174 elatus,
978 3099 1001 3128 ²⁸
1010 3097 1084 3158 alius
1094 3098 1220 3172 virtutis,

210 3189 298 3248 etiam
311 3189 342 3248 in
356 3189 439 3250 hoste
452 3191 588 3252 mirator:
612 3196 629 3227 “
639 3193 717 3269 Non,
728 3200 764 3252 ut
776 3193 923 3270 voluisti,’'
936 3194 1042 3273 inquit,
1058 3196 1074 3226 “
1083 3191 1221 3266 morieris,

210 3283 297 3344 Beti:
320 3283 372 3344 sed
385 3285 530 3366 quidquid
543 3293 754 3350 tormentorum
768 3288 799 3348 in
820 3289 967 3368 oeptivum
980 3288 1104 3350 inveniri
1116 3295 1221 3366 potest,

210 3399 365 3459 passurum
378 3398 442 3440 esse
455 3387 485 3440 te
498 3382 624 3461 eogita.'’
665 3383 733 3460 Ille,
745 3403 803 3444 non
825 3383 959 3444 interrito
980 3383 1075 3459 modd,
1089 3382 1140 3442 sed
1158 3401 1220 3441 oon·
1275 3379 1276 3440 ζ

211 3476 319 3536 tomani
338 3476 552 3556 quoqnevnltu
575 3477 692 3538 intuens
716 3479 837 3558 Regem,
849 3479 960 3538 nullam
984 3479 1022 3538 ud
1044 3478 1136 3538 minas
1158 3481 1220 3554 ejus

210 3571 461 3632 reddiditvooem.
504 3571 580 3630 Tum
591 3571 775 3634 Alexander:
797 3573 981 3635 “Videtisne
994 3573 1170 3634 obstinatum
1185 3573 1221 3636 ad

211 3667 414 3728 tenendum?”
428 3667 540 3747 inquit3
564 3670 662 3728 “num
675 3689 753 3749 genu
772 3669 894 3748 posuit?
913 3689 983 3730 num
1005 3669 1161 3746 snpplieem
1174 3687 1221 3728 vo·

211 3779 274 3822 oem
285 3763 390 3824 misit?
430 3761 556 3824 Vineam
570 3770 668 3824 tumen
681 3766 846 3842 silentium
868 3773 898 3824 et
911 3766 938 3825 si
951 3765 1028 3824 nihil
1040 3764 1130 3839 aliud,
1143 3765 1220 3824 oertti

210 3855 323 3938 genito
341 3857 496 3938 interpella
534 3861 561 3920 .¹’
603 3859 683 3922 Iram
703 3859 809 3922 deinde
822 3861 914 3922 vertit
934 3861 965 3920 in
985 3861 1113 3938 rabiem3
1134 3860 1222 3936 ”jan
1273 3943 1274 3952 ἵ

1265 4207 1273 4370 p
