2520 4390
348 343 471 392 arnna
501 349 535 392 v.
567 349 653 392 cnr.
675 349 717 390 11.
1001 331 1039 392 8⁵

65 491 104 550 Er
123 489 224 569 petiuit
236 489 341 548 deinde
363 487 536 568 Babylonia
557 488 668 548 trahea
688 487 876 548 Macedonum
895 487 1042 568 equitibus

63 586 161 645 sexceni
181 585 284 643 denarii
306 585 428 645 tribua:
448 584 616 664 peregrinus
636 601 721 663 eques
740 583 899 664 quingenos
913 583 1041 662 accepit:

62 681 192 739 ⁴”elucente
202 679 294 758 pedes,
308 680 397 740 trium
411 673 585 758 stipendium
598 679 747 739 mensium.

113 775 151 834 ΙΙ.
170 778 192 836 7.
210 775 265 834 His
289 775 334 832 its
358 775 532 852 cumpositis,
556 775 588 832 iu
613 775 768 853 regionem,
795 793 861 853 quae
887 773 1044 851 Satrapene

60 869 311 947 vocatur,pcrvenit.
353 869 474 928 Fertilis
496 877 581 944 terra,
593 869 677 947 copirt
700 889 806 946 rerum,
821 875 852 928 et
874 870 951 928 omni
971 887 1046 928 ccm-

60 972 144 1023 meatu
155 965 300 1024 abundans
342 964 446 1043 Itaque
458 967 467 994 ¹
477 965 586 1024 diutius
599 965 640 1026 ibi
653 964 802 1042 substitit3
825 983 868 1040 ac,
882 981 919 1023 ne
933 963 1047 1022 desides

59 1059 110 1117 otio
129 1059 300 1118 demitterent
323 1059 440 1134 animos,
462 1059 574 1136 judices
596 1059 687 1134 dedit,
700 1059 873 1139 praemiaque
893 1057 1047 1137 proposuit

56 1154 88 1212 de
100 1155 195 1213 vitute
206 1153 326 1212 militari
339 1155 521 1214 certantibus.
564 1153 686 1229 Novem,
695 1155 746 1233 qui
758 1155 911 1214 fortissimi
922 1151 1048 1231 judicati

52 1255 146 1324 essent,
170 1249 287 1327 singulis
307 1249 435 1307 militum
456 1249 587 1308 millibus
609 1249 764 1326 praefuturi
785 1257 878 1324 erant,
894 1249 1046 1326 (Obilicco

51 1345 117 1402 ctas
136 1345 292 1422 vocabant)
304 1349 372 1401 tune
395 1343 524 1420 primdm
545 1344 575 1400 in
597 1343 672 1401 hunc
684 1363 835 1402 numerum
847 1343 938 1420 copiis
952 1343 1048 1402 distri·

49 1439 136 1498 batis.
174 1437 324 1515 'Namque
350 1439 435 1494 anteat
461 1437 657 1515 quingenariae
688 1437 820 1496 cohortes
846 1438 973 1512 fuerant,
997 1455 1049 1496 nco

49 1529 217 1590 fortitudinis
228 1531 347 1608 praemia
360 1538 511 1590 cesserant.
553 1531 662 1610 Ingens
675 1532 801 1591 militum
815 1533 901 1593 turba
915 1550 1049 1592 convene·

48 1633 101 1701 rat,
114 1625 222 1705 egregio
234 1625 409 1686 interfutura
429 1627 588 1702 certamini,
602 1628 686 1688 testis
707 1627 824 1686 'cadem
844 1630 980 1706 cujusque
992 1625 1049 1686 fao-

48 1729 145 1796 torum,
160 1729 188 1780 et
201 1721 254 1780 ⁴de
274 1709 420 1798 judicibus
440 1722 535 1782 latura
555 1723 747 1782 sententiam:
767 1724 872 1803 quippd
886 1726 991 1784 rerdne
1011 1741 1049 1782 an

48 1816 115 1875 :alst
137 1817 221 1875 honos
243 1815 344 1895 cuique
365 1817 527 1893 haberetur,
541 1818 669 1897 ignorari
688 1837 746 1878 non
766 1826 889 1896 poterat.
932 1819 1049 1879 Primus

48 1912 164 1970 tmuium
174 1912 293 1971 vimutis
306 1917 393 1971 causa
413 1913 535 1972 donatus
557 1921 601 1974 est
614 1913 771 1973 Atharrias
785 1915 888 1989 senior,
902 1914 952 1994 qui
965 1913 1049 1973 omis·

48 2027 102 2064 zum
122 2006 196 2084 apud
216 2007 451 2067 Halicarnassum
464 2027 483 2066 a
493 2009 656 2084 junioribus
675 2009 816 2086 praelium,
828 2029 904 2068 unus
923 2007 1049 2067 maximi

48 2103 223 2178 accenderat3
243 2103 394 2179 proximus
415 2103 444 2160 ei
465 2103 625 2182 Antigenes
638 2104 719 2163 meus
739 2110 799 2180 est3
820 2105 941 2162 tertium
954 2103 1050 2162 locum

48 2197 172 2255 .'hilotas
192 2197 311 2274 Angeus
324 2197 466 2271 obtinuit3
488 2204 608 2274 quartus
633 2199 773 2274 Amynta
794 2197 881 2256 datus
905 2204 966 2272 est,
986 2203 1052 2273 pose

48 2309 90 2348 ros
103 2290 280 2368 Antigonus,
294 2297 324 2348 ct
347 2290 384 2350 ab
408 2309 442 2348 co
456 2289 614 2368 Lyncestes
636 2292 782 2368 Amyntas
802 2289 876 2368 fuit,
899 2293 1052 2369 septimum

48 2405 131 2445 >cum
151 2383 334 2462 Theodotum
357 2385 393 2419 ³*
415 2387 431 2418 '
452 2388 485 2462 *ς
508 2383 641 2444 ultimum
654 2385 782 2446 obtinuit
795 2385 973 2447 Hellanicus.
1014 2385 1052 2446 In

48 2481 189 2558 isciplina
216 2499 327 2559 quoquc
353 2481 488 2540 militaris
510 2481 552 2540 rei
576 2482 741 2560 pleraquea
760 2483 920 2560 majoribus
943 2483 1052 2542 tradita

48 2580 147 2636 smmi
160 2575 291 2635 utilitate
304 2577 435 2636 mutavit.
458 2577 487 2635 N
489 2595 536 2635 am
550 2579 618 2635 culm
631 2579 699 2636 ante
713 2578 825 2658 equites
839 2577 870 2636 in
880 2597 962 2638 suam
973 2579 1051 2658 quis-

48 2691 85 2730 ιθ
105 2678 227 2750 gentem
248 2671 495 2747 describerentur,
508 2675 639 2731 scorsdm
659 2693 677 2731 a
696 2673 828 2750 caeteris,
850 2682 983 2749 exempto
1003 2693 1051 2732 na·

48 2787 143 2826 onum
172 2759 348 2842 discrimine,
375 2765 535 2841 Praefectis,
563 2787 621 2826 non
646 2767 748 2846 utique
775 2787 892 2827 suarum
912 2767 1050 2844 gentium,

48 2863 78 2918 d
103 2861 230 2920 delectis
253 2861 394 2923 attribuit.
437 2861 529 2936 subs,
543 2863 611 2920 culm
633 2869 730 2920 castra
749 2879 863 2920 movere
877 2861 975 2936 vellet,
996 2861 1051 2942 sig-

48 2976 97 3014 ιω
122 2955 231 3032 dabat;
254 2959 336 3033 cujus
362 2975 448 3016 sonus
468 2957 646 3036 plerumque,
669 2955 905 3014 tumultuantium
931 2957 1052 3018 fremitu

48 3049 189 3126 oriente,
203 3049 283 3108 haud
305 3051 377 3109 satis
400 3051 617 3113 exaudiebatur,
660 3051 740 3130 Ergo
761 3051 909 3129 perticam,
922 3071 988 3132 quae
1000 3073 1051 3112 un·

48 3148 113 3225 que
144 3143 279 3222 conspici
312 3151 420 3222 posset,
449 3165 536 3224 supra
569 3145 737 3223 praetorium
770 3147 890 3224 statuit3
925 3169 961 3208 ex
993 3153 1051 3228 qut

48 3259 145 3321 gnum
159 3241 312 3300 eminebat
323 3239 435 3318 pariter
447 3241 580 3301 omnibus
599 3241 790 3320 conspicuum.
833 3243 1052 3305 observabatur

48 3337 97 3394 ris
112 3343 221 3410 noctu,
235 3335 334 3394 fumus
347 3335 486 3395 interdic.

78 3435 107 3490 8.
134 3430 272 3508 Jamque
296 3431 372 3491 Susa
386 3433 396 3460 ⁰
408 3431 436 3490 ei
457 3431 580 3508 adituro,
595 3431 731 3494 Abulites
752 3433 878 3513 regionis
898 3435 960 3508 ejus
974 3429 1050 3488 Prae·

48 3526 215 3600 =tus,'siva
239 3525 324 3585 Darii
342 3529 433 3604 jussu,
447 3533 482 3585 ut
495 3527 694 3588 Alexandrum
716 3527 815 3607 praeda
834 3526 979 3599 retineret,
993 3523 1053 3582 sive

48 3627 61 3678 ἰ
80 3627 211 3697 sponte,
226 3620 318 3679 lilium
331 3621 445 3681 obviam
465 3621 556 3698 misit,
572 3623 747 3683 traditurum
769 3640 800 3681 se
813 3619 915 3679 urbem
936 3617 1053 3695 promit-

48 3734 84 3774 ιε.
134 3713 283 3794 Benignb
295 3717 426 3791 juvenem
447 3718 561 3796 excepit
575 3717 650 3793 Rex,
664 3725 695 3777 et
713 3734 747 3773 ec
760 3715 831 3772 duce
844 3712 882 3770 ad
902 3710 1053 3792 Choaspen

48 3827 131 3867 nem
158 3809 310 3888 persenit,
334 3811 487 3870 delicatam
511 3811 558 3888 (ut
580 3813 660 3870 fama
680 3811 739 3887 est)
761 3807 913 3867 vehentem
941 3827 1051 3888 aquam.
