2642 4386
382 355 506 398 nrnnn
537 355 626 398 vrrr.
659 355 744 398 oar.
776 355 869 399 1111.
1077 333 1137 398 20⁹

115 497 182 557 rdrn
196 497 227 556 in
240 495 435 556 Macedonum
448 495 580 556 mmcitu
593 497 762 558 temeritate
772 503 860 577 atque
872 494 998 556 audacie
1007 493 1136 576 insignes

114 593 197 653 inere
221 593 402 655 Simmaehns
425 601 456 652 et
482 593 621 668 Nicanor,
645 593 759 654 nobiles
784 595 915 672 juvenes,
938 599 969 652 et
993 593 1136 670 perpetue

114 687 124 716 ⁸
131 689 261 768 partium
280 689 421 750 felicitate
446 690 483 748 ad
503 690 701 768 'spernendum
726 709 810 749 omne
829 687 991 766 pericnlum
1013 685 1134 746 aucensi.
1210 679 1225 696 ⁵

4 867 5 872 η
116 781 208 855 Queis
232 783 353 845 duoibus
376 785 589 864 promptissimi
613 787 757 862 juvenum
780 784 891 844 lanceis
919 783 1005 842 modd
1030 781 1136 842 armati

115 885 306 940 transnavere
326 881 357 939 in
376 880 511 955 insulam,
525 901 612 960 quam
626 881 761 960 frequens
785 879 879 939 bostis
903 879 1041 954 tenebat3
1063 877 1136 938 mul·

116 981 219 1054 tueque
236 975 388 1051 Indorum,
402 975 484 1034 nulla
507 996 539 1036 re
562 976 655 1056 magis
668 977 757 1056 quem
771 975 895 1034 audacie
918 975 1032 1049 armati,
1048 975 1135 1033 inter·

115 1077 253 1130 emerunt.
296 1071 391 1132 Abire
412 1089 478 1130 oum
498 1071 593 1151 glorie
607 1071 809 1149 poterant,’si
831 1091 960 1152 unquam
984 1070 1137 1130 temeritas

115 1165 186 1226 felix
199 1167 344 1227 inveniret
358 1167 485 1226 modum.
529 1167 589 1227 Sed
609 1167 679 1226 dum
693 1167 931 1246 supervenientes
945 1167 1136 1245 contemptim

115 1269 145 1322 at
158 1263 283 1342 superbe
297 1282 412 1342 quoque
434 1269 611 1339 exspectant,
627 1263 818 1322 circumventi
837 1262 874 1321 ab
894 1261 941 1321 bis
960 1261 1012 1341 qui
1027 1261 1137 1324 occulti

114 1363 311 1430 enataverunt,
327 1356 442 1415 eminrls
456 1355 555 1416 obruti
569 1355 638 1414 telis
653 1363 729 1415 sunt.
765 1355 824 1427 Qui
838 1357 1000 1434 effingerant
1013 1356 1138 1431 bostem,

114 1459 166 1510 aut
201 1451 315 1529 impetu
349 1450 443 1508 amnis
470 1449 562 1509 ablati
599 1456 677 1524 sunt,
715 1456 768 1508 aut
794 1449 955 1510 vorticibus
992 1448 1135 1528 impliciti.

116 1545 219 1624 anue
239 1565 338 1624 pugna
349 1545 474 1604 multum
488 1545 623 1604 fiduciam
638 1544 711 1604 Pori
725 1545 827 1623 erexit,
842 1552 947 1604 cuncta
960 1543 1106 1604 cernentis
1120 1563 1137 1604 e

114 1641 190 1720 ripe.

177 1740 225 1797 44.
246 1736 416 1797 Alexander
440 1737 524 1816 inops
547 1735 669 1813 consilii,
685 1737 802 1798 tandem
824 1737 862 1798 ad
887 1737 1047 1797 fallendum
1071 1737 1137 1806 bos·¹

114 1839 176 1892 tem
191 1833 210 1862 ¹⁰
220 1831 308 1892 talem
332 1832 432 1891 dolum
453 1832 588 1892 intendit.
632 1833 707 1892 Erat
721 1833 818 1893 insula
832 1833 862 1892 in
881 1833 998 1894 flumine
1013 1832 1136 1912 amplior

115 1928 237 2006 oaeteris,
260 1927 414 2007 sylvestria
439 1928 550 2003 eadem,
573 1935 604 1987 et
626 1929 759 2008 tegendis
780 1929 898 1988 insidiis
923 1937 999 2008 apta
1043 1929 1137 1990 Fossa

115 2043 228 2104 quoque
250 2023 372 2102 praealta
395 2023 475 2082 baud
498 2023 601 2102 procul
615 2043 633 2082 a
646 2025 721 2102 ripe,
742 2044 829 2104 quam
843 2023 962 2084 tenebat
984 2024 1056 2102 ipsc,
1077 2043 1136 2086 non

115 2119 230 2202 pedites
254 2118 349 2192 modd,
365 2117 416 2177 sed
440 2118 530 2176 etiem
543 2138 610 2177 cum
624 2119 706 2198 equis
719 2119 798 2178 viros
818 2125 936 2196 poterut
950 2117 1134 2178 abscondere.

115 2213 161 2273 Ut
185 2212 274 2290 igitur
296 2213 314 2240 ¹¹
327 2232 346 2270 a
369 2205 502 2271 eustodts
526 2213 614 2289 hujus
635 2213 862 2290 opportunitatis
886 2211 985 2272 oculos
1006 2213 1135 2272 hostium

115 2314 271 2382 averteret,
286 2306 480 2366 Ptolemaeum
501 2327 567 2366 cum
590 2307 725 2367 omnibus
738 2307 847 2390 turmis
859 2307 1028 2388 obequitare
1045 2308 1137 2386 jussit

115 2401 218 2482 procul
242 2402 279 2463 ab
302 2401 409 2481 insule,
437 2409 467 2462 et
494 2401 618 2464 subinde
647 2403 740 2462 Indos
767 2401 891 2462 elamore
914 2411 1033 2482 terrere,
1052 2403 1137 2484 quasi

115 2500 223 2558 fiumen
237 2505 441 2558 transnaturus
455 2499 540 2558 foret.
584 2497 644 2559 Per
658 2497 822 2578 complures
836 2498 900 2558 dies
915 2498 1094 2560 Ptolemsuus
1104 2499 1136 2558 id

116 2595 194 2670 feeit,
219 2614 309 2675 eoque
332 2593 452 2654 oonsilio
478 2595 589 2654 Porum
613 2614 727 2675 quoque
754 2613 857 2674 agmen
885 2614 970 2656 suum
997 2595 1025 2654 ei
1048 2595 1135 2674 parti,

24 2759 40 2780 ἱ
116 2709 203 2770 quam
216 2710 247 2749 se
261 2698 360 2769 petere
384 2690 550 2766 simulabat,
565 2691 660 2770 coegit
682 2691 843 2752 advertere.
887 2691 910 2750 J
912 2711 958 2750 am
972 2698 1058 2750 extra
1071 2711 1135 2750 con·

117 2794 248 2864 spectum
260 2787 354 2846 bostis
368 2785 464 2846 insula
477 2794 548 2846 erat.
590 2787 761 2848 Alexander
774 2787 805 2846 in
820 2787 936 2846 diverse
959 2793 1043 2862 parte
1063 2785 1137 2864 ripae

117 2881 210 2940 statui
223 2899 308 2939 suum
322 2881 542 2940 tabernaculum
561 2882 660 2959 jussit,
676 2889 878 2960 assuetumque
892 2879 1026 2940 comitari
1039 2879 1136 2958 ipsum

115 2973 266 3035 cobortem
290 2981 358 3032 ante
380 2975 412 3032 id
435 2976 653 3035 tabernaculum
675 2984 763 3050 stare,
785 2982 816 3034 et
836 2993 949 3034 omnem
963 2982 1135 3052 apparatum

115 3069 206 3148 regiae
233 3068 455 3146 magnificentie
488 3069 616 3129 hostium
643 3069 735 3129 oeulis
769 3069 806 3128 de
833 3069 980 3128 industria
1010 3070 1133 3130 usundi.

117 3165 265 3242 Attalum,
280 3172 310 3224 et
325 3165 345 3196 ¹²
356 3163 499 3244 aequalem
523 3165 588 3240 sibi,
604 3173 635 3224 et
655 3165 738 3224 haud
749 3164 895 3244 disparem
916 3165 1018 3226 babitu
1032 3167 1091 3228 oris
1105 3174 1136 3226 et

117 3261 246 3340 corporis
261 3260 280 3290 ¹¹
290 3260 405 3340 (utique
426 3261 494 3319 edm
518 3261 621 3340 procul
634 3259 791 3341 viseretur)
805 3269 887 3322 veste
907 3261 990 3341 regia
1004 3269 1135 3335 exornat,

116 3357 309 3434 praebiturum
328 3356 454 3434 speeiem
478 3357 575 3435 ipsum
597 3355 711 3436 Regem
733 3355 777 3415 illi
798 3357 870 3435 ripae
890 3357 1057 3436 praeeidere,
1081 3374 1136 3414 neo
1244 3356 1246 3360 ’

116 3453 228 3530 agitare
253 3451 290 3510 de
315 3452 450 3511 transitu.
493 3451 595 3529 Hujus
619 3451 734 3512 consilii
758 3452 894 3512 effectum
915 3452 1010 3532 primo
1024 3457 1137 3510 morata

117 3553 274 3625 tempestas
298 3555 351 3621 est,
376 3567 445 3606 mox
473 3547 603 3625 adjuvit:
633 3547 815 3608 incommoda
841 3548 958 3626 queque
986 3545 1024 3604 ud
1044 3543 1136 3604 bonos

117 3650 240 3704 eventus
267 3649 399 3703 vertente
427 3643 556 3703 fortunat.
614 3642 759 3722 Trajicere
788 3662 901 3702 amnem
929 3660 994 3698 oum
1022 3639 1137 3700 caeteris

116 3739 208 3816 copiis
222 3739 241 3766 ¹⁴
251 3737 282 3796 in
295 3739 442 3818 regionem
456 3739 560 3800 insulae
575 3738 624 3814 (de
637 3743 697 3818 qut
710 3739 778 3797 onte
800 3737 910 3794 dictum
925 3742 981 3813 est)
995 3735 1134 3812 parabat;

116 3834 248 3894 ¹’averso
262 3833 346 3894 hoste
360 3833 391 3892 in
405 3853 465 3910 eos,
479 3835 530 3916 qui
550 3853 617 3894 curn
632 3833 793 3894 Ptolemaeo
809 3831 828 3860 ¹⁸
838 3831 1006 3892 inferiorem
1019 3830 1138 3894 obsede-
