2520 4390
244 365 245 370 ’
318 385 444 426 irenre-
469 385 522 426 vr.
553 385 636 428 cnr.
667 384 701 428 x.
967 373 1022 434 1³5

68 526 109 587 ilc
118 525 221 604 prosint
231 531 315 602 nocte,
329 530 387 604 qua
401 523 546 604 digressus
561 544 624 585 snm
637 545 656 586 e
667 529 767 588 meust
779 531 833 588 cua
845 527 925 589 feei?
944 531 1023 610 quod

68 642 148 683 novum
159 621 247 680 lacinus
258 621 383 679 deletum
396 621 434 679 ad
453 627 483 680 te
495 621 623 681 mutavit
642 623 768 682 animum
787 626 890 685 tuum?
931 625 1023 688 Gravi

68 737 142 795 copore
170 716 365 796 acquiescebam,
393 718 461 775 oum
486 735 532 775 me
558 717 663 777 ⁸mslis
695 718 913 780 indormientem
938 723 1021 799 meis,

68 813 148 872 nimici
157 813 281 873 vinciendo
296 813 470 872 excitarunt.
526 812 613 873 Unde
629 820 659 872 et
671 815 825 892 parricidae
837 823 867 875 et
879 817 1022 895 proditori

68 929 103 966 om
121 908 164 966 alti
180 909 245 987 quies
264 908 379 968 oomni?
399 907 548 969 'scelerati
562 909 739 968 conscientie
752 911 936 989 obstrepente
957 917 1022 972 cim

68 1003 153 1063 ormire
163 1023 210 1062 non
221 1005 335 1082 possint,
346 1005 460 1084 agitant
473 1021 524 1064 ecs
537 1003 634 1080 furiae,
647 1023 704 1064 non
718 1015 913 1066 eonurmmaco
926 1007 1021 1084 modd,

68 1101 87 1157 ed
99 1107 124 1158 et
136 1099 242 1178 cogitato
254 1100 413 1177 parricidio.
455 1100 499 1159 At
511 1099 584 1158 mihi
597 1100 779 1160 securitatem
799 1102 924 1180 primirm
943 1103 1022 1161 inno-

69 1197 120 1254 ntia
131 1215 194 1271 meo,
208 1195 302 1255 deinde
316 1195 437 1254 dextera
448 1203 501 1254 tua
514 1196 683 1255 obtulerant.
727 1195 795 1255 Non
807 1197 893 1256 timui
906 1217 943 1256 ne
956 1197 1022 1276 plns

68 1293 126 1351 lenae
138 1291 285 1350 crudelitati
299 1292 376 1367 apud
389 1297 420 1348 te
432 1291 542 1365 liceret,
555 1293 645 1368 qudm
657 1291 816 1350 clementia
835 1293 922 1352 tuae.”

89 1392 104 1421 “
115 1387 167 1448 Sed
178 1405 210 1444 oe
222 1393 249 1444 te
261 1385 505 1444 mihicredidisse
517 1385 671 1463 paeniteat3
692 1405 739 1444 res
753 1386 791 1444 ad
811 1407 857 1445 me
879 1388 1023 1448 deferebs·

68 1501 207 1558 rapuero,
219 1482 265 1560 qni
276 1499 334 1540 non
344 1487 459 1556 testem,
473 1499 530 1538 non
543 1479 649 1559 pignus
668 1480 770 1539 indicii
790 1481 925 1542 exhibere
945 1489 1024 1560 pote·

68 1599 80 1654 c,
95 1580 113 1606 ¹⁰
121 1576 278 1654 impleturus
292 1595 390 1635 omnes
402 1583 490 1652 metu,
506 1575 532 1634 si
546 1576 678 1654 coepisset
688 1575 791 1638 audiri.
833 1578 980 1637 Amatoris
994 1584 1024 1636 et

68 1674 108 1731 rti
125 1673 217 1754 jurgio
238 1673 380 1750 interponi
401 1691 485 1732 aures
507 1689 588 1730 meas
612 1671 723 1732 credidi
745 1673 867 1752 infeli13
889 1679 919 1732 et
938 1673 1023 1732 fidem

68 1776 244 1847 ssuspeotsm
257 1769 353 1843 habui,
367 1767 446 1847 qudd
459 1787 516 1827 non
535 1767 598 1846 ipse
620 1767 756 1844 deferret,
772 1769 822 1829 sed
842 1770 961 1847 fratrem
974 1789 1023 1848 po·

68 1865 259 1925 ssubornaret.
302 1865 397 1922 Timui
410 1881 446 1923 ne
465 1870 583 1943 negaret
601 1863 751 1924 mandasse
772 1883 803 1924 ss
825 1863 973 1941 Oebalius,
994 1869 1024 1924 et

79 1961 189 2020 viderer
201 1961 299 2020 multis
314 1960 470 2018 amicorum
483 1959 576 2038 Regis
589 1959 680 2020 fuisse
693 1961 815 2038 periculi
837 1979 931 2021 causa
974 1961 1024 2022 Sio

68 2075 128 2134 que,
151 2059 218 2114 cdrn
240 2055 364 2115 laeserim
384 2055 537 2129 neminem,
562 2055 695 2129 ¹¹inveni,
717 2055 767 2134 qui
788 2055 908 2114 mallent
929 2056 1025 2134 perire

76 2152 161 2228 quim
176 2149 346 2208 incolumem
360 2167 431 2208 esse.
474 2147 553 2218 Quid
567 2147 786 2206 inimicitiarum
795 2149 912 2209 creditis
926 2167 1025 2226 excep-

68 2265 103 2302 cm
117 2243 219 2318 fuisse,
236 2245 254 2272 ¹²
264 2245 289 2304 si
303 2244 432 2304 insontes
452 2243 656 2302 lacessissem?
716 2245 735 2272 ¹³
746 2245 791 2302 At
804 2243 881 2302 enim
894 2243 1026 2322 Dymnus

68 2339 161 2399 ocidit.
206 2337 288 2396 Num
303 2337 390 2416 igitur
403 2338 548 2396 facturum
562 2356 628 2396 eum
641 2336 774 2398 divinare
793 2337 899 2416 potui?
940 2337 1026 2397 Mini-

97 2434 150 2492 Ita
164 2432 245 2512 quod
260 2433 352 2492 solum
366 2431 470 2490 indicio
483 2431 568 2490 fidem
579 2432 658 2508 fecit,
669 2432 701 2490 id
713 2451 768 2508 me,
779 2434 847 2490 edm
857 2453 875 2490 a
886 2431 1026 2494 cebalino

68 2529 203 2607 pellatus
226 2548 301 2603 sum,
316 2545 500 2588 inoverenon
513 2533 635 2604 poterat.
689 2527 735 2586 At
758 2527 875 2587 hercnld
890 2529 915 2588 si
930 2528 949 2558 ¹⁴
962 2548 1026 2588 con·

68 2667 69 2672 η
83 2625 208 2704 Dymno
223 2623 302 2682 tenti
315 2623 429 2683 sceleris
442 2621 572 2698 fuissem,
587 2621 675 2683 biduo
689 2623 741 2682 illo
755 2623 884 2701 proditor
897 2643 960 2684 esse
972 2643 1026 2683 nos
1072 2631 1082 2652 ⁹

68 2721 183 2780 molare
196 2739 260 2779 non
276 2719 371 2780 debui.
415 2716 573 2779 Cebalinus
585 2718 647 2796 ipse
662 2721 682 2748 ¹⁵
693 2718 759 2778 tolli
773 2719 809 2777 de
828 2719 923 2777 medio
936 2719 1026 2778 nullo-

68 2817 180 2894 regotio
195 2816 305 2893 potuit.
348 2815 488 2893 Denique,
502 2819 570 2892 post
584 2813 711 2872 delatum
731 2813 871 2872 indicium
884 2831 940 2890 quo
953 2813 1027 2891 peri·

85 2929 183 2984 eram,
199 2909 370 2968 cubiculum
383 2909 474 2987 Regis
498 2907 576 2967 solus
597 2907 712 2981 intravi,
726 2907 803 2966 ferro
823 2907 939 2986 quidem
952 2907 1027 2966 cine·

88 3002 159 3064 Gur
187 3003 301 3062 distuli
324 3003 436 3062 facinus
447 2993 468 3062 i'
500 3002 551 3062 An
565 3003 627 3061 sine
641 3001 755 3079 Dymno
768 3021 825 3060 uon
838 3021 903 3062 sum
916 3004 1027 3065 ausus?

68 3099 156 3179 gitur
169 3097 318 3176 princeps
332 3097 535 3174 conjurationis
548 3097 624 3157 fuit:
645 3095 700 3157 sub
713 3096 792 3156 illius
811 3091 913 3160 umbrt
928 3099 1027 3160 Philo-

68 3195 190 3270 tebam,
207 3193 266 3272 qui
280 3213 401 3272 regnum
416 3192 606 3251 Macedonum
618 3193 728 3253 affecto.
791 3193 900 3275 Ecquis
914 3195 1027 3257 evolsis
1138 3191 1140 3196 ’

68 3298 139 3349 otus
156 3297 210 3349 est
228 3289 317 3349 donis
329 3287 343 3347 ’ἒ
362 3307 448 3368 quem
462 3286 580 3362 Ducem,
590 3305 675 3366 quem
686 3287 860 3350 Praefeotum
870 3289 1028 3369 impensirls

68 3387 76 3416 )
92 3387 112 3416 ’²

68 3481 153 3539 uini
170 3479 307 3560 quidem
329 3477 474 3557 objicitur,
496 3477 574 3558 qndd
596 3479 763 3540 societatem
783 3479 871 3560 patrii
892 3475 1029 3538 sermonis

70 3597 110 3635 er
123 3597 133 3653 ;
161 3575 261 3655 quod
276 3575 468 3636 Macedonum
480 3595 573 3634 mores
586 3575 742 3635 fastidiam
806 3575 824 3604 ¹⁰
835 3573 883 3633 Sic
896 3573 965 3649 ergd
979 3571 1029 3628 im-

68 3673 167 3752 quod
187 3671 354 3750 dedigner,
368 3671 530 3730 immineo‘?
569 3671 639 3730 Jarn
652 3669 767 3747 pridem
779 3667 896 3724 nativus
909 3664 960 3724 ille
974 3684 1030 3726 ser·

68 3767 234 3826 umereio
252 3767 378 3826 aliarum
388 3765 519 3846 gentium
529 3763 675 3824 exolevit:
697 3770 757 3820 tam
766 3759 931 3837 victoribus,
943 3763 1031 3842 quim

71 3861 276 3942 peregrina
289 3862 388 3940 lingua
401 3859 538 3921 discenda
551 3867 601 3918 est.
646 3855 715 3914 Nun
733 3853 893 3916 mehercule
908 3858 964 3916 ista
986 3878 1031 3916 me
