2600 4394
149 333 183 390 18
494 346 634 398 numni
662 347 802 388 cuarrr

146 487 270 564 Jamque
294 483 461 545 Alexander
473 483 584 546 viribus
606 485 732 563 corporis
752 485 884 563 receptis,
898 483 936 542 ad
954 483 1055 545 urbem
1075 481 1161 544 Solos

149 586 335 660 pervenerat:
357 582 438 656 cujus
459 580 576 657 potitus,
599 579 730 640 ducentia
750 581 868 640 talentis
889 577 1006 637 nomine
1029 575 1162 636 ²mulctae

147 675 265 750 exactis,
276 673 335 732 arci
354 675 522 751 praesidium
540 675 667 734 militum
680 674 824 753 imposuit.
867 673 970 732 ⁸Vota
984 673 1089 730 deinde
1109 690 1161 749 pro

148 770 241 830 salute
269 775 400 844 suscepta
426 787 478 845 per
503 768 604 826 ludum
630 775 715 846 atque
749 767 841 828 otium
873 767 1006 842 reddens,
1034 765 1162 826 ostendit

148 866 256 942 quanta
276 861 538 923 fiducie-barbaros
558 869 723 940 sperneret:
747 861 853 941 quippe
869 861 1039 939 AEseulapio
1059 867 1088 920 et
1105 860 1161 919 Mi·

148 977 243 1018 nervae
265 957 349 1016 ludos
375 957 539 1018 celebravit.
595 955 744 1034 Spectanti
771 956 910 1014 ‘nuncius
935 955 1021 1016 latus
1044 955 1163 1014 affertur

150 1073 187 1112 ex
209 1052 422 1126 Halicarnasso,
447 1052 582 1112 “Persas
609 1051 669 1110 acie
696 1069 713 1108 a
735 1051 796 1110 suia
815 1069 878 1110 esse
902 1057 1057 1128 superatos,
1079 1049 1163 1127 Myn-

151 1148 215 1206 dios
237 1165 348 1226 quoque
371 1153 402 1206 et
424 1145 556 1221 Caunios,
584 1151 614 1204 et
637 1145 774 1224 pleraque
798 1150 911 1204 tractus
933 1147 1006 1222 ejus,
1028 1164 1089 1204 suae
1108 1145 1164 1202 fac

152 1249 182 1300 ta
216 1240 365 1300 ditionis.’'
419 1240 518 1320 Igitur
553 1239 632 1300 edito
665 1240 826 1317 spectaculo
857 1239 977 1315 ludicro,
1007 1239 1165 1316 nostrisque

151 1336 246 1411 motis,
261 1341 291 1394 et
312 1335 437 1413 Pyramo
448 1355 529 1394 amne
549 1342 636 1413 ponte
657 1336 766 1412 jmrct0,
788 1335 826 1394 ad
846 1335 946 1395 urbem
968 1333 1080 1393 Mallon
1099 1353 1162 1410 per·

152 1431 250 1490 venit:
280 1429 347 1489 inde
376 1429 492 1488 ⁶alteris
518 1429 621 1489 castris
645 1429 683 1488 ed
710 1430 847 1508 oppidum
876 1428 1069 1490 Gestabalum.
1118 1427 1165 1486 Ibi

153 1523 307 1584 Parmenio
330 1525 407 1604 Regi
425 1523 556 1600 occurrit,
583 1545 668 1604 quem
692 1525 872 1602 praemiserat
898 1525 936 1582 ad
962 1522 1166 1601 explorandum

153 1620 209 1678 iter
231 1619 334 1692 saltria,
348 1639 400 1696 per
423 1638 506 1696 quem
527 1618 564 1676 ad
584 1619 692 1693 urbem,
714 1621 799 1678 l'sson
817 1618 941 1692 nomine,
961 1616 1166 1695 penetrandum

153 1719 223 1772 erat.
264 1711 362 1788 Atque
385 1712 434 1770 ille
452 1711 592 1791 angustiis
605 1715 669 1790 ejus
689 1712 843 1790 occupatis,
858 1719 888 1771 et
907 1711 1041 1789 praesidio
1054 1709 1165 1769 modico

154 1807 264 1882 relicto,
278 1806 363 1866 Issou
384 1825 496 1885 quoqne
517 1807 659 1866 desertam
673 1829 690 1866 a
703 1807 834 1870 barbaris
852 1812 975 1885 ceperat.
1016 1805 1090 1864 Inde
1103 1825 1166 1883 pro·

153 1921 279 1982 gressus,
295 1901 483 1976 “detrahatis
497 1903 547 1982 qui
561 1903 700 1963 interiora
719 1903 862 1962 montium
875 1901 1055 1976 obsidebant,
1068 1900 1167 1978 praesi-

155 1997 212 2056 diis
225 2003 328 2056 cuncta
340 1997 482 2056 firmavit:
504 2004 693 2078 occupatoque
713 1997 825 2073 itincre,
840 1997 914 2056 sicut
926 1995 1012 2074 paulo
1026 1997 1094 2054 autb
1109 1994 1165 2052 dic·

155 2101 218 2152 tum
232 2099 285 2168 est,
299 2093 393 2152 'idem
407 2099 437 2152 et
450 2100 549 2152 auctor
563 2101 592 2152 et
604 2093 724 2152 nuncius
736 2093 827 2154 veuit.

219 2191 262 2250 17.
284 2188 369 2248 Isson
395 2188 463 2248 inde
490 2189 556 2249 Rex
576 2189 671 2268 copias
693 2188 837 2249 admovit:
857 2186 909 2249 ubi
928 2185 1047 2248 oonsilio
1067 2183 1166 2244 habito

155 2286 292 2344 utrrlmne
313 2285 391 2344 ultrd
405 2285 644 2365 progrediendum
663 2285 746 2360 foret,
769 2283 861 2346 anibi
883 2281 1053 2361 opperiendi
1072 2284 1168 2338 essent

157 2380 265 2438 milites
288 2379 364 2454 novi,
388 2399 458 2456 quos
479 2399 516 2436 ex
542 2378 713 2438 Macedonia
734 2378 889 2437 adventare
909 2375 1075 2451 constabat;
1097 2373 1168 2432 Par·

158 2471 251 2530 menie
287 2491 345 2528 non
381 2470 470 2528 alium
500 2471 595 2528 locum
627 2469 726 2546 praelio
759 2470 898 2544 aptiorem
932 2488 994 2527 esse
1026 2468 1167 2528 censebat.

160 2565 275 2643 Quippe
288 2563 350 2622 illic
362 2563 511 2642 utriusque
525 2561 618 2641 Regis
631 2561 726 2638 copias
739 2579 856 2620 numero
869 2559 983 2619 futuras
996 2579 1088 2637 pares,
1103 2563 1171 2620 crlm

158 2659 299 2740 angulatim
312 2657 527 2718 multitudinem
546 2675 605 2715 non
625 2662 777 2732 caperent:
797 2653 947 2732 planitiem
960 2654 1031 2732 ipsis
1045 2673 1170 2732 campos-

158 2775 213 2835 que
228 2775 291 2814 esse
304 2753 447 2829 vitandos,
461 2751 512 2814 ubi
526 2750 680 2826 circumiri,
692 2749 745 2819 ubi
766 2749 884 2826 ancipiti
897 2748 958 2807 acie
971 2748 1093 2827 opprimi
1107 2769 1170 2826 pos·

159 2857 242 2911 sent:
264 2850 423 2924 timetque
445 2868 502 2908 non
514 2847 624 2910 virtute
637 2841 773 2921 hostium,
787 2843 838 2906 sed
856 2842 1025 2904 lassitudine
1039 2846 1091 2904 eut
1111 2843 1170 2902 vin·
1207 2863 1210 2880 ¹

159 2952 310 3006 cenentur:
333 2944 456 3004 ⁸Persas
470 2950 598 3004 recentes
612 2940 730 3004 subinde
744 2957 931 3014 successuros,
945 2939 970 2998 si
984 2938 1082 2998 laxirls
1095 2946 1171 2997 stare

160 3039 329 3119 potuissent.
379 3039 478 3098 Facile
502 3039 577 3098 ratio
604 3045 664 3096 tam
685 3035 808 3096 salubris
835 3033 950 3095 consilii
976 3039 1091 3110 accepta
1118 3040 1169 3093 est.

162 3135 265 3216 Itaque
288 3134 364 3192 inter
386 3133 533 3213 angustias
547 3133 640 3193 saltria
654 3117 778 3210 opperiri
798 3130 911 3190 statuit.
954 3129 1029 3190 Erat
1049 3128 1080 3185 in
1093 3147 1172 3186 exer·

87 3251 89 3257 ·
137 3259 146 3279 2
162 3231 220 3288 citu
234 3229 326 3308 Regis
340 3229 468 3290 ⁹Sisines
481 3229 592 3304 Perses,
601 3227 742 3306 quondam
756 3245 774 3284 a
787 3226 918 3285 Praetore
930 3223 1054 3302 AEgypti
1067 3222 1172 3281 missus

162 3325 200 3384 ad
227 3323 412 3402 Philippum;
436 3323 573 3402 donisque
600 3329 630 3381 et
657 3321 733 3380 omui
760 3321 866 3380 bonore
889 3319 993 3393 cultus,
1023 3321 1043 3348 ¹⁰
1054 3317 1173 3376 exilium

163 3422 257 3498 patria
271 3419 338 3478 sede
351 3424 531 3477 mutaverat:
553 3423 670 3477 secutus
692 3415 794 3474 deinde
807 3415 837 3474 iu
851 3413 954 3473 Asiam
968 3411 1173 3487 Alexandrum,

72 3545 75 3556 =
164 3515 237 3574 inter
250 3513 350 3574 fideles
364 3513 455 3572 socios
468 3511 634 3572 habebatur.
676 3509 754 3569 Huic
767 3507 919 3587 epistolem
933 3506 1079 3567 Cretensis
1091 3506 1174 3565 miles

164 3610 346 3688 obsignatam
367 3607 481 3681 annulo,
496 3608 578 3682 cnjus
600 3606 714 3684 signum
734 3601 812 3662 haud
831 3604 898 3662 send
912 3609 1013 3664 notum
1026 3607 1097 3675 erat,
1119 3608 1175 3660 tra-

136 3686 141 3695 ’
166 3704 249 3763 didit.
292 3704 474 3765 Nabarzanes
493 3701 608 3760 Praetor
629 3699 713 3760 Darii
732 3699 851 3758 miserat
870 3717 941 3772 eam,
954 3697 1170 3774 hortabaturque

168 3799 300 3866 Sisinem,
313 3807 348 3856 ut
368 3799 485 3877 dignum
506 3795 616 3875 aliquid
635 3795 787 3856 nobilitate
800 3813 833 3852 ac
844 3791 971 3852 moribus
991 3791 1050 3851 suis
1061 3791 1175 3851 ederat.

170 3898 186 3921 ¹'
201 3912 301 3968 magno
317 3893 344 3950 id
360 3893 386 3950 ci
400 3894 474 3969 apud
489 3894 599 3968 Regem
612 3891 712 3950 honori
725 3889 795 3948 fore.
825 3891 844 3917 ¹²
853 3887 916 3946 Has
929 3887 1044 3945 litteras
1058 3883 1175 3958 Sisines,
