2520 4390
356 333 478 378 niune
506 333 542 376 v.
576 335 659 379 cus.
691 340 716 378 1.
998 317 1040 378 88

58 473 205 552 coluntque:
232 478 268 532 ut
289 471 314 533 si
338 479 458 534 exterus
481 473 526 534 vis
549 473 674 553 ingruat,
698 473 824 536 otram
844 472 984 534 &ente
1002 491 1040 534 az

56 569 135 644 ipsius
146 567 217 628 urbis
230 567 290 628 scle
304 568 568 629 subministrentur.
611 569 776 647 Eupbrstes
796 568 946 643 interfluit,
961 587 1038 646 meg·

54 681 142 740 uaeque
161 663 237 722 melis
258 663 278 692 '¹
289 662 486 740 crepidinibus
511 669 668 726 codrcetur.
711 662 770 723 Sed
791 664 812 692 ⁸¹
824 662 953 721 omnium
974 681 1037 740 cpe

53 777 109 814 rum
137 757 352 835 magnitudinem
385 757 615 818 circumveniunt
647 775 778 818 neveruis
810 757 951 834 ingentes,
978 756 1038 816 'in

52 851 211 910 altitudinem
233 871 342 930 pressae
365 852 403 910 ad
425 851 624 930 accipiendum
645 853 785 930 impetum
798 851 939 910 fluminis:
960 851 1037 928 qnod

49 946 93 1004 ubi
113 947 239 1023 eppcsitee
252 947 408 1024 crepidinis
429 947 581 1026 fastigium
605 947 741 1021 excessit,
755 946 837 1006 urbis
857 953 936 1004 tecte
949 946 1035 1004 enrri-

49 1047 124 1115 peret,
147 1041 198 1099 nisi
221 1047 319 1100 essent
341 1060 444 1119 specus
471 1041 616 1120 lacusque,
639 1041 690 1119 qui
713 1041 888 1119 exciperent.
930 1039 1037 1100 Ouetili

49 1135 169 1194 laterculo
193 1135 297 1194 structi
324 1143 398 1194 eunt.
450 1135 558 1195 Totum
585 1155 657 1214 opus
683 1121 826 1195 bitumine
854 1135 1034 1214 astringitur.

49 1230 113 1288 Pons
123 1230 257 1308 lapideus,
270 1231 383 1288 flumini
396 1231 557 1307 impositus,
570 1230 590 1258 ⁸⁴
597 1230 697 1309 jungit
708 1231 820 1291 urbem.
847 1229 908 1290 Hic
922 1247 1036 1308 queque

50 1331 110 1382 nter
129 1325 268 1383 mirabilia
292 1323 423 1384 Orientis
447 1343 535 1400 opere
557 1331 726 1382 numeratus
750 1331 813 1385 est:
844 1324 951 1402 quippe
979 1319 1036 1382 blu-

49 1418 147 1476 ›hrates
173 1417 263 1475 cltum
289 1418 392 1476 limum
418 1417 507 1492 vehit,
532 1417 618 1496 '‘que
641 1419 758 1495 penitus
785 1418 823 1476 ad
849 1416 1039 1476 fundamenta

49 1511 170 1583 jacienda
195 1518 302 1589 egestu,
330 1511 382 1571 vix
414 1511 603 1570 suffulciendo
631 1511 711 1590 operi
743 1513 858 1570 mmmm
890 1511 1038 1589 reperiunt

49 1605 131 1664 olum.
172 1606 281 1664 Arenee
306 1613 402 1666 autem
430 1607 552 1667 subinde
581 1607 743 1682 cumulatae,
768 1614 799 1666 et
823 1607 910 1681 saxis,
930 1605 1037 1685 quibus

51 1719 102 1758 cns
129 1700 296 1776 sustinetur,
324 1719 452 1776 annexes,
485 1710 636 1761 morantur
662 1721 793 1761 emnem:
828 1703 879 1781 qui
904 1707 1036 1760 retentus

49 1796 133 1872 crisis,
146 1797 232 1874 quim
247 1796 272 1855 si
286 1797 378 1856 libero
392 1815 479 1856 cursu
492 1805 610 1872 mearet,
624 1797 759 1856 illiditur.
802 1798 909 1856 Arcem
922 1815 1035 1875 quoque

49 1891 137 1950 mbitu
157 1891 262 1967 viginti
284 1892 380 1950 stedia
407 1891 585 1970 complexum
607 1893 712 1953 hebet:
743 1893 865 1970 triginta
887 1893 978 1970 pedes
1005 1892 1037 1952 in

49 2005 132 2043 trram
159 1987 282 2044 turrium
308 1987 497 2045 fundamenta
524 1987 650 2046 demissa
673 1995 751 2046 sunt.
809 1987 861 2046 Ad
889 1985 1037 2064 octogiuta

49 2097 170 2138 immuni
182 2081 354 2138 munimenti
366 2081 516 2158 fastigium
530 2081 670 2157 persenit.

85 2179 112 2231 5.
136 2173 229 2249 Super
244 2185 347 2247 urcem,
361 2175 513 2250 vulgatum
528 2174 696 2254 Gmcorum
708 2174 843 2234 ”fabulis
855 2173 1036 2246 miraculum,

49 2267 152 2326 ansiles
165 2267 242 2324 berti
265 2275 341 2341 sunt,
357 2285 497 2326 summam
510 2287 660 2326 murorum
681 2267 867 2326 altitudinem
880 2275 1037 2345 mirantes,

49 2363 241 2440 ulter-umque
268 2361 404 2421 arborum
427 2363 531 2421 umbri
552 2370 581 2421 et
600 2362 775 2440 proceritatc
796 2362 908 2421 amoeni.
960 2362 1037 2422 Saxo

49 2458 129 2536 pilas,
153 2475 221 2535 quae
245 2464 341 2515 totum
366 2475 439 2516 cuns
462 2457 616 2532 sustinent,
644 2459 794 2517 instructae
814 2465 890 2516 sunt
941 2456 1035 2536 Super

49 2555 93 2612 las
109 2552 209 2630 lapide
222 2551 365 2630 quadrato
385 2552 479 2610 selum
493 2559 617 2611 stratum
637 2559 691 2626 est,
705 2553 819 2630 patiens
839 2559 934 2628 terrse,
948 2573 1035 2632 quem

49 2669 108 2706 tam
123 2647 271 2724 injiciunt,
286 2653 317 2706 et
330 2647 467 2721 humoris,
482 2665 539 2726 quc
553 2647 649 2725 rigent
663 2655 765 2722 terras,
780 2647 909 2726 adedque
923 2647 1035 2708 subdas

49 2761 136 2803 >ores
164 2743 311 2802 sustinent
333 2741 432 2818 moles,
454 2749 489 2801 ut
512 2743 627 2820 stipites
655 2761 755 2802 serum
781 2749 848 2802 octo
871 2741 1036 2800 cubitorum

49 2838 148 2895 atium
171 2835 365 2896 eruentudine
387 2843 512 2914 aequent,
526 2837 556 2894 in
579 2837 791 2915 quinquaginta
811 2835 919 2913 pedum
938 2835 1035 2894 altitu·

49 2951 115 2990 tem
139 2930 296 3004 emineant,
312 2937 342 2988 ct
363 2931 511 3008 frugiferee
533 2930 615 3010 mque
637 2932 706 3004 siut,
720 2949 753 2988 ec
774 2931 800 2989 si
819 2934 900 2990 terri
914 2932 967 2989 sud
981 2930 1036 2990 ale·

49 3034 126 3084 itur.
173 3024 226 3102 Et,
246 3025 314 3082 edm
333 3031 461 3084 vetustas
482 3043 540 3086 non
554 3045 642 3103 opere
663 3025 759 3084 saltim
772 3026 962 3103 manufesta,
982 3026 1035 3086 sed

49 3141 101 3180 um
119 3119 221 3196 ipsam
234 3125 368 3176 naturam
382 3119 524 3196 paulatim
539 3118 688 3178 exedendo
696 3120 836 3197 perimat:
857 3121 920 3182 hese
933 3122 1034 3196 moles,

49 3238 69 3275 e
98 3221 151 3272 tot
175 3215 314 3274 arborum
335 3211 482 3272 radicibus
504 3213 656 3290 premitur,
671 3215 804 3294 tantique
827 3217 953 3276 nemoris
966 3235 1034 3294 pnn-

51 3332 72 3368 e
100 3307 235 3368 onereta'
246 3315 300 3382 est,
315 3307 457 3368 inviolate
470 3307 572 3366 durat:
593 3309 701 3388 quippd
715 3310 821 3390 uiginti
841 3309 896 3369 lati
908 3312 1035 3388 parietes

49 3406 175 3477 tinent,
205 3401 342 3461 undecim
375 3403 482 3480 pedum
509 3403 661 3464 intervallo
689 3405 840 3483 distantes,
867 3412 902 3464 ut
933 3401 1035 3480 presul

49 3498 181 3558 entibus
197 3497 289 3575 sylves
302 3499 453 3558 mentibus
465 3498 525 3558 suis
544 3499 694 3560 imminere
707 3501 870 3560 videantur.
912 3495 931 3525 ¹⁸
942 3495 1035 3573 syria

49 3613 124 3673 gem
141 3592 301 3670 Babylone
320 3601 490 3672 regnantem
503 3594 557 3653 hcc
570 3613 643 3674 epus
656 3613 720 3654 esse
733 3594 876 3664 molitum,
890 3589 1036 3650 memoriae

49 3691 164 3748 iitum
187 3694 244 3762 est,
267 3687 288 3716 '⁹
299 3707 394 3745 amore
409 3689 539 3768 conjugis
559 3691 679 3762 victum,
694 3707 768 3766 quae,
784 3683 928 3742 desiderio
942 3703 1034 3744 nemo·

49 3807 55 3842 ι
104 3782 324 3860 sylvarumque
357 3783 387 3840 in
419 3785 627 3861 campestribus
660 3782 741 3854 locis,
768 3779 863 3838 virum
897 3781 1036 3868 compulit
