2642 4386
418 409 541 454 nrm
570 406 739 453 usone.
769 410 793 452 1.
1057 393 1119 454 tlt

17 529 19 532 ¹
103 552 195 630 primd
209 551 360 610 insolitum
373 567 465 629 genus
477 569 583 628 puguoe
597 549 774 610 Alsosdorms
793 549 907 625 terruit,
922 551 990 610 edm
1004 550 1118 611 eminus

103 647 331 706 vulnerarentur.
388 645 513 704 Deinde⁴
534 652 633 722 spreto
660 651 722 702 tam
754 643 904 704 inoondito
933 645 1051 720 auxilio,
1079 645 1118 706 olo

6 763 7 770 ¹
101 750 226 820 utroque
249 742 338 800 latere
351 739 494 801 vehiculis
508 739 687 813 oiroumfusi,
702 747 900 819 repugnantes
912 740 1014 799 fodere
1027 759 1117 819 eoepe-

6 831 7 836 '
103 843 181 894 runt.
239 836 280 894 Et
301 835 418 896 vineola
441 835 525 914 queis
549 841 682 894 oonserts
705 842 799 910 eraut,
821 837 912 912 jussit
934 835 1032 910 insidi,
1057 840 1117 916 quo

103 931 220 992 isoilids
258 931 373 1011 singula
405 931 691 992 eiroumvenirentur.
749 929 855 1010 Itaque
883 939 949 991 ooto
986 931 1119 992 millibus

101 1045 219 1084 snorum
243 1027 367 1101 amissis,
381 1027 412 1084 in
433 1025 571 1104 oppidum
590 1026 768 1104 refugerunt.
811 1027 936 1086 Postero
960 1027 1008 1086 die
1030 1027 1118 1086 realis

100 1122 229 1200 undique
245 1122 382 1196 admotis,
395 1121 472 1180 muri
492 1128 677 1198 oooupontur.
721 1121 829 1180 Peneis
849 1123 1006 1200 pernicitas
1027 1121 1117 1182 saluti

99 1217 171 1292 fuit,
193 1217 245 1295 qui
268 1218 385 1295 cognito
407 1216 489 1276 urbis
514 1215 636 1290 exoidio,
656 1215 792 1293 paludem
815 1222 1014 1292 transnavere,
1029 1225 1062 1277 et
1084 1218 1116 1276 in

97 1311 194 1370 risina
204 1311 311 1388 oppida
321 1311 469 1386 ingentem
478 1308 606 1368 mtulere
616 1315 772 1368 terrorem:
793 1311 935 1369 inviotum
947 1311 1117 1384 exereitum,

97 1413 130 1463 et
142 1405 274 1464 Deorum
287 1403 428 1481 profesto,
444 1403 596 1462 advenisse
609 1411 811 1462 memorantes.

163 1504 190 1557 3.
215 1498 391 1572 Alexander,
407 1498 443 1556 ed
456 1497 627 1558 vastandum
641 1515 705 1556 sem
725 1501 873 1578 regionem
889 1497 1031 1558 Perdioea
1052 1517 1118 1558 oum

95 1595 240 1672 expedito
261 1613 348 1652 menn
367 1593 465 1668 misso,
479 1600 592 1670 partem
606 1593 754 1671 eopiarnm
782 1594 906 1653 lllnmeni
920 1595 1022 1670 tradit,
1037 1601 1072 1653 ut
1091 1594 1118 1655 is

94 1709 213 1769 qnoque
226 1689 375 1748 Borboros
398 1689 436 1750 ad
459 1689 638 1748 deditionem
661 1689 857 1767 oompelleret
901 1689 971 1769 Ipso
993 1697 1117 1751 oretenus

93 1786 137 1844 ad
157 1785 259 1844 urbem
273 1783 409 1858 relidam,
424 1785 455 1843 in
478 1805 565 1864 quem
587 1785 711 1844 aliarum
731 1803 846 1865 quoque
863 1787 1052 1865 oonfugerant
1074 1787 1116 1848 iu·

93 1880 179 1954 eolee,
194 1881 320 1940 induxit.
365 1879 523 1958 Oppidani,
544 1881 642 1940 missis
664 1881 716 1960 qui
738 1881 854 1961 Regem
878 1881 1115 1962 deprecarentur,

93 1973 290 2034 nihilominds
314 1975 424 2035 bellum
436 1977 597 2054 parabant:
618 1978 725 2056 quippe
737 1985 804 2036 orta
827 1977 934 2036 seditio
955 1979 986 2036 in
1001 1979 1118 2039 diverse

91 2072 220 2130 consilia
252 2072 410 2130 diduxerat
431 2073 559 2150 vulgum.
612 2073 677 2130 Alii
700 2073 796 2132 omnia
820 2073 968 2132 deditione
991 2074 1115 2151 potiore,

88 2166 218 2245 quidam
231 2165 343 2224 nullam
358 2185 442 2243 opem
461 2166 493 2224 in
507 2165 579 2243 ipsis
593 2184 667 2240 esse,
683 2165 835 2226 duoebent.
879 2166 938 2226 Sed
953 2166 1022 2226 dum
1041 2167 1117 2235 nihil

88 2263 125 2320 in
158 2279 308 2320 eommune
335 2261 508 2336 oonsulitur,
537 2261 589 2339 qui
617 2261 759 2320 deditioni
786 2261 984 2337 imminebant,
1008 2263 1118 2350 apertis

87 2356 190 2435 pertis
204 2356 317 2414 hostem
331 2356 486 2433 reeipiunt.
529 2355 706 2430 Alexander,
722 2355 889 2434 quemquem
903 2356 974 2416 belli
994 2357 1117 2419 auotori-

87 2454 152 2514 bus
173 2455 242 2530 jure
255 2457 373 2530 poterat
386 2451 482 2525 irasei,
497 2458 596 2510 tamen
617 2451 750 2512 omnibus
763 2452 849 2512 venie
863 2453 942 2529 dett,
957 2459 988 2512 ot
1010 2453 1115 2514 obsidi·

87 2551 152 2611 bns
180 2550 314 2626 sooeptis,
343 2548 381 2606 ad
416 2548 579 2626 proximam
617 2547 724 2606 deinde
753 2548 856 2616 urbem
886 2557 982 2614 caetra
1012 2550 1113 2611 movit.

90 2645 228 2706 Obsides
243 2643 424 2704 ducebantur
438 2649 506 2701 ante
527 2661 645 2720 agmen:
666 2663 739 2722 quos
759 2645 828 2702 odnr
843 2663 859 2704 e
873 2645 964 2708 muris
984 2645 1115 2725 agnosio·

85 2746 172 2814 sent,
197 2741 299 2817 utpote
326 2739 422 2816 gentis
451 2737 591 2816 ejusdem,
614 2739 646 2796 in
674 2739 851 2826 oolloquium
874 2747 1114 2800 convocaverunt

29 2884 33 2892 .
85 2837 149 2897 Illi
166 2835 350 2894 elementiam
370 2833 463 2912 Regis
478 2835 623 2914 simulque
637 2835 697 2893 rim
711 2834 970 2908 oommemoraudo,
985 2833 1023 2892 ed
1036 2833 1116 2912 dedi·

82 2933 209 2992 tionem
223 2947 272 2988 eos
286 2929 468 3006 eompulere:
488 2937 666 3014 oeetorasque
685 2930 775 2995 urbes
789 2929 880 2988 simili
899 2929 985 2989 modo
1000 2929 1116 2991 deditos

83 3029 119 3088 in
136 3025 230 3086 fidem
243 3023 362 3100 eooepit
406 3023 487 3082 Hine
506 3025 537 3082 in
559 3043 682 3104 regnum
705 3023 836 3111 Sopithis
859 3033 1031 3102 perventum
1056 3033 1110 3088 est.

84 3123 186 3194 Gens,
202 3119 254 3178 ‘ut
281 3117 414 3192 Barbari,
430 3118 574 3196 sapientia
599 3118 726 3192 exoellit,
742 3117 882 3199 bonisque
896 3119 1026 3182 moribus
1040 3122 1114 3200 regi·

83 3225 155 3275 tur.
199 3212 322 3273 Genitos
336 3211 445 3272 liberos
457 3231 515 3271 uon
534 3219 690 3295 pareutum
703 3212 825 3274 arbitrio
840 3213 949 3274 tollunt
963 3216 1113 3298 aiuntque,

83 3309 168 3370 ‘sed
191 3327 302 3382 eorum,
314 3308 424 3388 quibus
444 3308 596 3388 speetaudi
619 3309 775 3368 infantium
797 3309 931 3372 habitum
944 3332 1014 3372 eura
1034 3331 1112 3372 men-

58 3441 60 3447 ,
84 3407 167 3465 data
192 3412 244 3462 est.
288 3403 322 3464 Si
345 3421 418 3483 quos
443 3403 591 3484 ‘insigues
614 3411 666 3464 eut
687 3403 787 3485 dique
809 3407 1005 3468 membrorum
1026 3413 1113 3482 parte

82 3499 218 3561 inutiles
251 3505 434 3578 notaverunt,
463 3499 562 3560 ueoari
593 3501 707 3578 jubent.
764 3501 887 3581 Nuptiis
914 3507 1027 3574 ooeuut,
1054 3517 1112 3558 non

82 3613 202 3677 genere
228 3615 261 3654 ao
282 3595 434 3656 nobilitste
457 3597 630 3674 oonjnnotis,
645 3599 697 3658 sed
717 3597 811 3659 eleott
825 3615 979 3676 eorporum
998 3593 1111 3673 speeie:

81 3692 167 3774 quis
180 3691 281 3750 eadem
295 3691 458 3750 oestimotur
472 3692 503 3750 in
515 3693 626 3754 liberis

157 3787 185 3846 4.
207 3785 306 3863 Hujus
319 3785 413 3866 gentis
427 3787 573 3865 oppidum,
587 3788 634 3848 oui
643 3787 812 3848 Alexander
825 3786 991 3844 admoverat
1004 3783 1110 3864 oopias,

79 3883 127 3946 sb
152 3880 217 3960 ipso
230 3880 351 3960 Sopithe
364 3882 569 3946 'obtinetutus
612 3881 726 3945 ouum
748 3889 833 3947 mont
852 3885 954 3958 portes,
968 3881 1019 3942 ssd
1037 3879 1111 3943 nulli

247 3977 282 4034 10

1129 1079 1137 1112 l
