2642 4386
400 357 524 400 siren
550 357 646 401 ιιιι.
675 357 760 402 car.
788 357 840 401 ix.
1083 339 1139 404 191

124 501 202 561 enim
216 497 296 562 bella
308 505 451 573 coustant,
466 499 526 558 ”ot
538 517 616 579 saepe
629 498 719 558 etiam
732 499 811 579 quod
823 497 899 560 falso
918 495 1061 560 creditum
1084 504 1139 575 est,

123 597 186 658 veri
199 596 293 656 vieem
308 593 442 654 obtinuit.
446 595 463 626 '³

171 694 237 732 “²²
252 693 301 751 An
315 711 361 750 me
374 691 500 750 luxuriae
516 689 724 769 indulgentem
737 692 849 770 putatis
863 712 943 752 arma
954 700 1054 754 vestra
1067 711 1139 754 auro

125 793 304 866 argentoque
317 787 503 846 adornasset
546 787 684 846 Assuetis
696 787 771 846 nihil
783 787 874 848 vilius
895 787 951 848 luto
964 787 1063 850 videre
1082 809 1139 848 me·

125 881 204 940 terit
222 881 301 940 volni
326 880 487 954 ostendere,
511 879 695 956 Macedones,
717 881 840 941 invictos
862 882 986 952 caeteris,
1010 902 1047 942 ne
1068 901 1140 942 suro

125 979 242 1058 quidem
255 977 339 1037 vinci.
384 977 494 1038 Oculos
517 979 585 1058 ergo
599 978 727 1056 primum
748 997 849 1038 eorum
863 978 983 1040 sordida
996 979 1092 1040 omnia
1106 986 1138 1040 et

124 1073 245 1132 humilia
258 1073 453 1152 spectantium
472 1073 592 1151 capiam,
607 1081 638 1132 et
661 1074 770 1134 docebo
794 1093 848 1134 nos
869 1093 928 1134 non
948 1075 1012 1136 anri
1031 1081 1083 1134 aut
1097 1095 1139 1135 er·

123 1169 204 1248 genti
218 1169 347 1248 cupidos,
357 1169 409 1227 sed
424 1168 523 1228 orbem
536 1175 681 1228 terrerum
691 1169 863 1229 subacturos
876 1171 1000 1230 venisse.
1043 1169 1140 1242 Quam

122 1264 244 1342 gloriam
256 1272 299 1338 tu,
314 1263 468 1341 parricide,
482 1263 656 1340 intercipere
668 1264 796 1338 voluisti,
810 1271 842 1323 ot
856 1264 1041 1340 Macedonas,
1057 1265 1140 1344 Rege

123 1359 271 1436 adempto,
288 1357 414 1417 devictis
428 1356 567 1435 gentibus
581 1357 714 1416 dedere.³’

185 1457 203 1486 ‘⁸
216 1453 261 1510 At
284 1469 361 1508 nunc
374 1469 474 1509 mones
487 1469 542 1524 me,
555 1458 591 1509 ut
603 1452 708 1510 vestris
721 1451 893 1530 parentibus
906 1471 1029 1530 porcam.
1072 1453 1102 1512 N
1104 1471 1142 1514 cn

124 1546 279 1625 oportebat
298 1536 417 1624 quidem
430 1564 482 1606 vos
502 1545 585 1620 scire,
600 1546 671 1626 quid
692 1547 728 1606 de
748 1547 795 1607 his
816 1548 993 1623 statuissem,
1006 1549 1063 1628 qut
1077 1548 1140 1608 tris·

123 1643 217 1701 tiores
234 1641 377 1718 periretis,
392 1641 418 1699 si
441 1661 498 1720 que
513 1642 597 1702 vobis
616 1649 769 1720 parentum
790 1643 929 1702 memoria
948 1650 981 1703 et
997 1661 1067 1704 cura
1085 1651 1139 1705 est.

126 1736 186 1797 Sed
200 1737 269 1796 clim
293 1737 383 1796 istum
404 1757 514 1796 morem
528 1737 678 1796 occidendi
693 1757 757 1797 cum
780 1738 911 1798 scelestis
932 1739 1061 1798 insontes
1074 1759 1139 1818 pro·

122 1832 247 1910 pinquos
270 1834 495 1911 parentesque¹
495 1833 606 1892 ²solvi:
635 1840 666 1892 et
688 1833 826 1911 profiteor
849 1833 880 1894 in
904 1835 1006 1895 eodem
1030 1835 1139 1896 honore

122 1919 250 1988 futuros
252 1947 351 1987 omnes
365 1947 423 2002 eos,
438 1928 469 1986 in
482 1949 540 2007 qno
552 1929 700 1988 fuerunt²'

183 2027 200 2056 “
212 2023 241 2082 N
243 2043 290 2082 em
307 2031 392 2082 tuum
407 2023 612 2098 Oelisthenem‚
627 2025 675 2083 cni
696 2025 748 2083 uni
773 2025 817 2086 vir
839 2025 960 2100 rideris,
973 2026 1042 2105 quis
1062 2026 1139 2086 latro

122 2135 163 2190 es,
179 2117 239 2176 scio
253 2137 305 2176 cur
318 2118 441 2194 produci
453 2118 545 2194 velis3
566 2125 601 2176 ut
615 2137 712 2178 coram
731 2119 778 2178 his
791 2119 907 2196 probro,
921 2139 988 2198 quse
1008 2121 1117 2180 modo
1108 2141 1140 2180 ιιι

120 2232 169 2271 me
181 2212 289 2288 jecisti,
303 2213 389 2271 modd
404 2213 523 2287 audisti,
538 2213 619 2271 illius
633 2231 748 2291 quoque
762 2233 812 2272 ore
827 2215 998 2272 referantur.
1036 2213 1139 2290 Quem,

122 2309 149 2368 si
174 2308 298 2367 Macedo
323 2315 408 2385 esset,
431 2315 526 2367 tecum
550 2307 787 2383 introduxissem,
802 2308 1005 2386 dignissimum
1028 2317 1059 2370 tc
1083 2309 1140 2370 dis·

122 2404 219 2482 cipulo
233 2404 414 2484 magistrum.
457 2404 486 2463 N
488 2423 545 2462 unc
561 2403 704 2482 Olynthio
718 2423 776 2464 non
789 2403 868 2463 idem
880 2405 956 2481 juris
970 2406 1047 2464 est.”

182 2501 256 2560 Post
270 2500 332 2560 heeo
345 2500 500 2560 concilium
514 2500 634 2575 dimisit,
649 2499 783 2580 tradique
798 2499 948 2560 damnatos
961 2501 1137 2576 hominibus,

122 2595 173 2676 qui
195 2617 232 2656 ex
246 2597 349 2656 eidem
374 2597 492 2656 cohorte
506 2603 598 2670 erent,
610 2596 707 2673 jussit.
750 2595 861 2670 Illi,nt
879 2597 967 2657 fidem
987 2615 1070 2658 suam
1085 2617 1137 2672 sea·¹

121 2691 194 2751 uitio
215 2691 293 2770 Regi
307 2691 508 2770 approbarent,
524 2694 704 2750 excruciatos
724 2699 910 2752 necaverunt.
955 2690 1137 2752 Galisthenes

122 2805 236 2866 qnoque
249 2795 346 2846 tortus
359 2787 482 2862 interiit,
498 2786 516 2816 ²⁸
525 2787 592 2844 initi
605 2786 720 2845 consilii
733 2787 764 2844 iu
778 2794 864 2864 caput
879 2787 972 2863 Regis
986 2786 1137 2846 innoxius:

122 2882 174 2941 sed
198 2882 419 2962 haudquaquam
440 2881 516 2942 aulea
529 2889 561 2940 et
581 2882 601 2912 ¹⁴
610 2883 819 2941 assentantium
840 2881 1075 2940 accommodatus
1096 2881 1138 2940 in·

120 2977 216 3056 genio.
259 2975 364 3054 Itaque
387 2977 498 3034 nullius
520 2977 612 3036 caedes
636 2979 776 3054 majorem
801 2976 879 3054 apud
901 2975 1021 3036 Greecos
1045 2977 1137 3038 Alex·

122 3071 213 3131 andro
236 3071 376 3130 excitavit
399 3071 550 3146 invidiam,
575 3071 653 3150 qndd
679 3071 836 3148 praeditum
864 3071 979 3150 optimis
1007 3073 1136 3134 moribus

121 3167 299 3247 artibusque,
320 3187 338 3224 a
363 3185 420 3246 quo
447 3173 597 3226 revocatus
619 3166 657 3224 ad
680 3167 771 3226 vitam
796 3174 866 3242 erat,
888 3168 957 3226 edm
981 3167 1135 3228 interfecto

122 3261 201 3322 (llitc
228 3264 303 3322 mori
330 3269 538 3341 perseveraret,
565 3281 623 3321 non
650 3263 767 3322 tuntum
795 3263 944 3340 occiderit,
968 3265 1021 3324 red
1045 3265 1135 3324 etiam

122 3358 249 3434 torserit,
281 3359 392 3418 indicte
419 3359 538 3438 quidem
568 3361 663 3418 causi.
706 3357 800 3430 Quam
835 3360 1040 3422 crudelitatem
1069 3377 1134 3419 sera

119 3454 291 3532 poenitentia
304 3462 458 3514 consecute
471 3462 525 3514 est.

179 3547 237 3608 In
260 3553 306 3609 28.
330 3549 388 3611 Sed
410 3569 447 3610 ne
469 3551 563 3610 otium
575 3549 703 3610 ferendis
724 3550 890 3611 rumoribus
908 3557 1009 3608 netum
1032 3545 1134 3622 aleret,

121 3643 151 3701 in
169 3643 285 3704 Indiem
305 3645 404 3720 movit,
420 3663 533 3724 semper
554 3645 631 3707 bello
644 3647 734 3726 quim
758 3653 826 3723 post
845 3644 996 3704 victoriam
1017 3639 1132 3700 clarior.

122 3738 227 3798 'India
248 3747 311 3799 tota
330 3741 422 3799 ferme
443 3748 555 3818 spectet
579 3741 742 3814 Orientem,
762 3740 861 3798 mimis
882 3739 913 3795 in
936 3736 1123 3796 latitudinem

120 3837 208 3914 quim
230 3841 311 3896 reete
332 3835 448 3914 regione
472 3837 606 3914 spatiosa
649 3835 743 3906 'Ques
762 3835 909 3894 Austrum
929 3831 1086 3911 accipiunt,
1099 3833 1134 3894 in
