2642 4386
180 306 238 370 18⁰
526 323 667 375 onrurr
694 325 836 368 conari

172 463 294 527 ultimus
306 465 370 524 siae
382 462 491 525 lemine
502 463 609 526 subet.
652 461 746 536 Quem
765 461 841 541 Rex,
854 465 986 546 quisnam
1005 473 1092 543 essm,
1104 467 1185 530 inter

170 565 263 638 rogat.
306 558 493 620 “Eminebat
506 559 594 618 etiam
615 559 646 618 in
659 579 730 620 vooe
746 561 869 637 sceleris,
882 562 962 640 quod
973 563 1106 640 perabat,
1120 570 1193 624 atro·

171 653 251 716 uitas.
306 653 349 714 Et
370 653 422 714 ille
442 656 504 731 jam
525 673 583 714 non
604 671 674 730 sum,
687 654 738 714 sed
760 655 853 734 Regis
873 655 927 718 irae
946 675 1066 732 memor,
1082 657 1194 720 Clitum
1285 701 1286 706 η

170 767 242 824 esse,
256 756 287 808 st
300 749 337 810 de
350 749 481 812 convivio
494 749 575 810 exire
588 749 744 828 respondit.
786 749 861 810 Haeo
881 749 1002 812 dioentis
1015 751 1099 812 latus
1109 753 1195 814 emet

171 847 326 921 mansfixit,
350 845 554 923 morientisque
575 845 715 924 sanguine
738 865 880 924 aspersus,
902 846 945 906 “I
966 849 1075 924 nnno,”
1089 849 1195 928 inquit,
1285 865 1286 920 ;

171 939 431 1018 “ethlrilippum,
442 947 473 998 st
486 939 716 1016 Parmenionem,
730 947 762 1000 et
775 941 938 1002 Attalum.”
1285 945 1286 968 ¹

230 1033 276 1094 Π.
299 1038 325 1094 7.
349 1034 446 1094 ¹Mo1e
473 1033 608 1094 humanis
635 1034 759 1114 ingeniis
792 1043 898 1094 natura
931 1036 1089 1113 eoosuluit,
1116 1039 1195 1118 qubtl
1285 1043 1286 1106 s

169 1127 338 1208 plerumque
364 1149 423 1190 non
448 1130 557 1204 futuru,
576 1130 628 1192 sed
654 1137 799 1192 transseta
825 1131 1036 1209 perpendimus
1081 1131 1196 1213 Quippe
1285 1115 1286 1118 Ἴ

170 1223 238 1286 Rex
250 1227 403 1306 postquam
421 1226 467 1286 ira
486 1232 582 1286 mente
605 1225 774 1301 deoesserot,
787 1227 875 1286 etiam
894 1226 1035 1288 ebrietate
1048 1227 1194 1306 disousss,

169 1322 399 1401 magnitudinem
418 1321 555 1382 iaoinoris
568 1322 654 1382 ’serat
674 1321 866 1382 aestimatione
879 1322 1037 1400 perspexit.
1082 1325 1196 1385 'Vide

170 1414 231 1493 bat,
253 1424 322 1480 tuno
348 1417 503 1478 immodioai
525 1417 659 1478 libertate
684 1416 815 1492 abusum,
833 1417 884 1476 sed
908 1416 1016 1496 alioqui
1044 1421 1197 1499 egregium

170 1509 258 1589 bello,
282 1515 385 1589 virum,
400 1519 438 1588 et,
451 1513 509 1572 nisi
532 1512 710 1574 erubesoerot
730 1511 826 1586 fateri,
846 1518 1024 1572 servatorem
1045 1515 1103 1589 sui,
1123 1515 1197 1574 oooi·
1285 1507 1286 1532 ¹

171 1626 244 1669 sum.
298 1608 479 1670 Detestabile
506 1607 648 1668 earnifiois
673 1607 867 1666 ministerium
900 1617 1091 1686 oooupaverat
1118 1611 1195 1686 Rex,

144 1763 147 1772 ,
170 1703 327 1764 ruborum
339 1703 496 1777 lioentiam,
510 1722 575 1781 quae
594 1703 662 1762 vino
683 1709 797 1780 poterat
810 1703 959 1782 imputari,
972 1705 1101 1766 nefandi,
1114 1707 1196 1766 emole

170 1797 258 1858 ultus
300 1796 440 1856 Manebat
461 1803 524 1855 toto
547 1795 690 1856 vestibulo
713 1817 798 1858 eruor
821 1797 927 1875 ‘paulb
950 1799 1019 1858 ante
1044 1801 1194 1862 eonvivm:

169 1892 273 1972 v'giles
286 1891 406 1952 attoniti
423 1897 454 1952 et
473 1891 656 1969 stupentibus
677 1891 787 1952 similes
805 1893 906 1971 prooul
919 1893 1043 1970 stabant,
1058 1895 1196 1958 ‘liberio-

169 2007 286 2070 remque
308 1987 508 2068 poenitentiam
531 1987 657 2048 solitudo
682 1989 853 2067 excipiebat
909 1989 989 2070 Ergo
1012 1989 1129 2051 hastam
1156 2013 1195 2054 ex

169 2104 286 2163 serpere
298 2084 422 2162 jacentis
435 2084 564 2144 evulsam
577 2085 695 2143 retorsit
709 2084 740 2142 in
759 2091 866 2144 semet:
885 2086 1002 2163 jamque
1021 2087 1195 2148 admoverat

169 2180 290 2262 psotori,
305 2183 373 2240 otlm
395 2180 532 2242 advolant
545 2179 659 2260 vigiles,
673 2186 703 2238 et
725 2179 896 2258 repugnanti
916 2198 933 2238 e
951 2181 1083 2242 manibus
1095 2191 1194 2242 extor-

169 2285 269 2357 quent,
295 2279 505 2357 allereturnquo
532 2277 564 2336 in
590 2275 808 2336 tabernaculum
834 2273 977 2336 deferunt.
1020 2276 1082 2336 Ille
1109 2279 1193 2339 humi

170 2381 352 2452 postraverat
377 2392 498 2450 eorpus;
515 2361 630 2452 'gemitu
650 2371 815 2449 ejulatuque
835 2369 995 2432 miserabili
1018 2376 1083 2432 totu
1095 2393 1189 2451 perso

171 2473 259 2529 mate
281 2466 370 2544 regie.
412 2463 537 2524 Leniore
565 2465 668 2524 deinde
695 2483 728 2524 os
748 2463 902 2543 unguibus,
923 2473 953 2524 et
973 2465 1193 2528 oiroumstantes
1285 2483 1286 2500 ²

78 2605 81 2612 .
172 2581 275 2640 rogare
288 2579 325 2618 ne
338 2579 369 2618 se
382 2566 464 2618 tento
488 2558 619 2618 dedecori
633 2560 819 2638 superstitem
839 2564 1192 2638 essepaterentur.1n·
1285 2583 1286 2608 ³

171 2663 218 2718 ter
230 2657 283 2716 has
291 2673 390 2735 preces
399 2661 464 2714 tota
476 2674 535 2714 nox
548 2655 699 2712 ‘extracta
712 2663 773 2716 est:
808 2662 1051 2736 scrutantemque,
1065 2678 1137 2718 num
1145 2660 1193 2719 ira
1285 2653 1286 2728 ζ

172 2753 298 2816 Deorum
312 2753 350 2814 ad
362 2759 477 2812 tentum
495 2752 578 2812 nefas
591 2757 674 2812 aetna
693 2759 777 2828 esset,
792 2751 890 2812 ⁷subit
903 2753 1136 2814 anniversarium
1149 2774 1193 2816 sa-

171 2853 311 2914 oiseium
325 2851 432 2914 Libero
445 2849 523 2929 patri
536 2867 593 2908 non
607 2867 669 2908 esse
689 2847 837 2908 redditum
857 2855 933 2908 stato
952 2855 1089 2928 tempore.
1132 2851 1192 2912 Ite-

172 2967 227 3026 qne
238 2948 315 3006 inter
327 2947 434 3018 vinum
443 2953 473 3004 et
486 2943 587 3024 epulas
601 2943 678 3004 oaede
699 2943 859 3019 commissi,
873 2943 948 3002 iram
961 2942 1122 3006 Dei‘fuisse
1134 2965 1193 3006 ma·

172 3039 315 3102 niiestem.

234 3139 261 3194 8.
283 3131 446 3192 ⁸Oaeterirm
459 3134 551 3214 magis
565 3135 599 3194 eb
612 3132 790 3208 movebatur,
803 3131 880 3210 qubd
894 3133 1020 3194 omnium
1033 3135 1192 3197 meorum

172 3230 285 3290 animos
298 3229 417 3290 videbat
427 3231 587 3290 attonitos:
608 3230 751 3289 neminem
761 3247 825 3287 eum
839 3228 901 3306 ipso
912 3229 1021 3289 soniare
1031 3251 1193 3292 sermonem

174 3327 275 3406 postet
298 3343 447 3386 ausurum
489 3324 675 3386 'Vivendum
696 3344 760 3384 esse
783 3324 814 3382 in
839 3324 1006 3402 solitudine,
1020 3326 1102 3388 velum
1122 3327 1194 3389 fera

174 3419 276 3486 matie
290 3424 309 3452 ²⁰
318 3420 439 3482 terrenti
454 3419 535 3494 alius,
549 3419 624 3478 alias
636 3421 757 3480 timenti
786 3419 888 3478 Primb
902 3419 1007 3480 deindb
1021 3421 1085 3480 lues
1099 3423 1194 3484 taber·

175 3519 278 3584 neoolo
291 3535 403 3597 eorpus,
417 3516 491 3577 siout
512 3515 606 3574 adhue
619 3522 768 3574 cruentum
782 3523 855 3591 erat,
874 3517 963 3592 jussit
976 3517 1086 3578 inferri.
1129 3518 1193 3592 Quo

176 3615 269 3692 posito
292 3622 362 3674 ante
384 3614 487 3692 ipsum,
514 3613 533 3641 ¹¹
544 3610 680 3689 laerymis
699 3610 819 3686 obortis,
841 3615 859 3646 ⁶‘
870 3611 984 3688 Hano,”
998 3613 1102 3692 inquit,
1118 3619 1135 3648 “
1145 3633 1193 3672 nn·

177 3707 244 3768 trlei
266 3729 338 3769 meae
357 3710 481 3788 gratiam
504 3706 601 3782 retuli,
624 3707 705 3784 eujus
728 3706 784 3765 duo
806 3706 860 3764 filii
880 3707 958 3784 apud
981 3707 1120 3766 Miletum
1142 3729 1193 3786 pro

177 3807 243 3862 mes
250 3803 346 3880 gloria
354 3803 513 3864 oeeububre
521 3809 660 3879 mortem
676 3799 723 3860 hie
736 3801 834 3876 frater,
843 3799 959 3860 unicum
971 3801 1110 3863 orbitatis
1123 3803 1185 3864 sola
