2600 4394
383 340 504 378 arasa
535 339 595 380 111.
629 340 714 379 car.
746 340 799 379 vr.
1066 323 1098 379 15

92 495 179 556 posse
222 475 315 548 Quem
335 476 447 556 signum
471 477 605 536 daturum
624 476 828 556 fugientibus?
855 496 942 557 quern
963 495 1101 536 ausurum

93 571 257 631 Alexandro
272 571 445 632 succedere?
495 574 505 601 ⁸
517 573 540 632 J
540 593 587 632 am
599 579 634 631 ut
648 573 685 632 ad
699 572 919 650 Hellespontum
931 571 1002 652 fuge
1016 591 1100 648 pene·

91 671 208 742 tuerent,
221 666 339 726 classem
350 671 407 745 qud
418 674 572 742 transeant,
582 687 666 747 quem
676 675 900 746 praeparaturum
908 667 921 726 i
928 668 945 700 ”
985 666 1100 726 Rursus

90 759 120 818 in
141 761 237 838 ipsum
259 761 370 841 Regem
391 762 586 822 misericordie
606 768 700 838 uersa,
723 762 828 822 “illum
847 763 946 822 dorem
963 763 1098 841 juventae,

90 854 170 914 illam
183 857 242 916 vim
255 858 351 933 animi,
367 857 515 916 'eumdem
524 857 636 937 Regem
647 865 677 916 et
689 857 911 917 commilitonem
925 855 1025 916 divelli
1039 875 1098 916 ase

90 957 118 1008 et
131 950 253 1028 abripi,’‘
267 952 448 1011 immemores
462 952 508 1012 aui
527 951 725 1032 querebantur.

150 1050 193 1105 12.
215 1046 299 1106 Inter
320 1046 383 1108 haec
406 1046 529 1108 liberirls
541 1066 637 1106 meare
657 1046 777 1124 spiritns
790 1053 933 1130 coeperat;
956 1045 1099 1106 allevabat

88 1139 153 1199 Rex
166 1140 271 1217 oculos,
285 1148 316 1201 et
328 1142 468 1219 paulatim
481 1142 620 1202 redeunte
641 1143 745 1217 animo,
759 1141 978 1201 circumstantes
992 1140 1099 1198 amieos

86 1243 257 1312 agnoverat:
278 1235 429 1315 laxataque
442 1237 488 1296 vis
511 1236 604 1297 morbi
618 1235 721 1297 abhoc
742 1235 834 1296 solum
853 1235 1016 1310 videbatur,
1029 1234 1099 1313 quia

85 1329 314 1408 magnitudinem
339 1331 411 1389 mali
440 1331 589 1390 sentiebat.
645 1329 804 1390 'Animum
836 1337 934 1388 autem
959 1328 1098 1407 oegritudo

85 1425 214 1500 corporis
226 1425 368 1504 urgebat:
398 1425 504 1502 quippe
518 1423 639 1482 Darium
651 1423 753 1502 quinto
767 1423 816 1482 die
829 1423 878 1481 ’in
892 1421 1027 1483 Ciliciam
1038 1423 1100 1482 fore

83 1518 284 1578 nunciabatur.
313 1521 330 1553 “
342 1518 483 1578 Vinctum
494 1537 560 1597 ergo
574 1537 605 1577 se
614 1517 700 1593 tradi,
715 1523 862 1576 attentam
869 1517 1020 1578 uictoriam
1027 1515 1099 1594 eripi

84 1612 142 1673 sibi
164 1632 180 1670 e
203 1613 343 1688 manibus,
366 1613 541 1692 obscuraque
562 1619 593 1671 et
614 1611 734 1691 ignobili
757 1619 847 1672 morte
867 1612 898 1670 in
917 1611 1099 1672 tabernaculo

83 1707 215 1785 extingui
229 1708 288 1783 se‚”
301 1708 481 1786 querebatur.
521 1707 723 1786 Admissisque
737 1707 837 1768 amicis
849 1707 958 1785 pariter
968 1714 999 1766 et
1010 1707 1098 1766 medi·

83 1801 143 1862 cis:
165 1806 181 1836 “
193 1802 230 1862 In
242 1822 298 1881 quo
311 1804 385 1878 me,”
399 1803 502 1882 iuquit,
528 1805 571 1838 ¹⁰“
583 1803 705 1862 articulo
725 1821 819 1862 rerum
839 1821 970 1862 mearum
982 1803 1099 1861 fortuna

82 1896 309 1973 deprehenderit,
323 1897 449 1958 cernitis
479 1897 638 1975 Strepitum
650 1897 800 1956 hostilium
810 1899 952 1956 armorum
962 1896 1099 1956 exaudire

81 1991 156 2049 mihi
169 1992 285 2052 videor:
306 1993 400 2071 etqui
413 1991 490 2051 ultro
504 1992 591 2050 intuli
604 1991 720 2065 bellum,
731 1994 793 2069 jam
805 2011 951 2069 provocor.
992 1991 1099 2052 Darius

83 2105 164 2163 ergo,
178 2091 244 2144 orm
259 2089 278 2118 ¹¹
289 2094 349 2146 tam
363 2087 501 2165 superbas
521 2087 638 2146 litteras
652 2086 800 2157 scriberet,
821 2087 840 2116 ¹²
850 2087 994 2145 fortunam
1007 2106 1099 2146 meam

79 2181 116 2240 in
140 2181 260 2239 consilio
280 2181 400 2256 babuit3
426 2181 476 2241 sed
497 2181 699 2259 nequidquam,
721 2180 748 2238 si
770 2179 842 2238 mibi
867 2180 1016 2241 ”arbitrio
1036 2201 1099 2240 meo
1126 2217 1130 2230 ·

79 2275 181 2334 curari
194 2275 270 2333 licet.
312 2275 406 2332 Lenta
427 2273 554 2332 remedie
567 2280 597 2331 et
610 2291 710 2351 segnes
732 2273 858 2331 medicos
878 2293 937 2331 non
950 2281 1101 2350 expectant

78 2380 218 2446 tempora
230 2389 301 2428 mea
324 2368 383 2428 Vel
397 2368 471 2428 mori
481 2370 607 2443 strenue,
618 2370 707 2446 quam
716 2367 802 2444 tarde
813 2367 1018 2444 convalescere,
1029 2369 1101 2430 mihi

77 2465 193 2525 melitis
217 2471 269 2523 est.
310 2463 447 2539 Proinde,
471 2464 497 2522 si
519 2463 590 2542 quid
610 2462 681 2541 opis,
702 2463 727 2522 si
751 2462 821 2546 quid
841 2463 912 2522 artis
924 2463 962 2522 'in
981 2465 1100 2526 medicis

78 2568 140 2636 est,
155 2559 256 2634 sciant,
272 2560 345 2618 ”me
368 2579 425 2618 non
447 2565 509 2618 tarn
529 2559 641 2632 mortis,
655 2560 741 2637 quam
764 2558 835 2619 belli
854 2559 1099 2640 remediumque

76 2655 193 2716 rere.,”‘
219 2653 369 2734 Ingentem
381 2653 513 2714 omuibus
523 2654 680 2712 incusserat
693 2672 790 2712 curam
803 2659 864 2712 tarn
876 2673 1001 2732 praeceps
1014 2662 1100 2715 teme·

76 2751 159 2809 ritas
186 2750 254 2824 ejus.
296 2748 375 2827 Ergo
402 2768 454 2826 pro
481 2767 512 2806 se
536 2747 658 2826 quisque
681 2747 793 2824 precari
817 2753 936 2824 crepere,
964 2753 1027 2806 “ne
1046 2751 1100 2810 fes

76 2843 230 2902 tinctione
252 2843 411 2921 periculum
429 2850 557 2922 augeret,
582 2835 634 2902 sed
654 2844 762 2900 ¹'esset
781 2841 813 2900 in
826 2849 968 2918 potestate
988 2845 1100 2903 meden-

75 2939 169 2996 tium
220 2937 374 3014 Inexperta
394 2937 521 2996 remedie
534 2934 620 2996 ¹haud
642 2936 750 3014 injuriat
776 2935 860 3026 ipsiq
871 2955 934 2996 esse
958 2947 1099 3017 suspecta,

74 3035 156 3092 crim
175 3031 213 3090 ad
233 3030 390 3108 perniciem
418 3033 480 3108 ejus
502 3032 591 3090 etiarn
612 3051 630 3090 a
649 3031 742 3090 latere
763 3031 855 3110 ipsius
878 3033 1001 3109 pecunia
1024 3034 1100 3094 solli·

73 3127 191 3186 citaret
217 3123 356 3184 hostis:''
384 3123 529 3203 ¹⁸(quippe
556 3125 666 3184 Darius
685 3123 766 3184 mille
785 3126 898 3186 talenta
924 3126 1098 3188 interfectori

71 3219 249 3282 Alexandri
262 3219 398 3279 daturum
412 3238 443 3278 se
455 3219 639 3296 pronunciari
656 3220 806 3300 jusserat),
829 3224 846 3255 “
858 3221 955 3300 itaque
968 3241 1004 3280 ne
1018 3241 1093 3283 ausu

70 3335 153 3376 rum
172 3313 289 3392 quidem
307 3333 479 3393 quemquam
490 3314 507 3346 ”
528 3313 740 3374 arbitrabantur
761 3316 915 3392 “experiri
935 3316 1099 3388 remedium,

67 3408 164 3490 quod
178 3416 294 3486 propter
306 3409 464 3468 novitatem
476 3414 574 3486 posset
586 3427 648 3468 esse
661 3409 851 3487 suspectum.’'

148 3503 206 3564 VI,
231 3507 274 3564 13.
296 3503 371 3563 Erat
393 3503 469 3562 inter
491 3502 603 3564 nobiles
623 3503 779 3563 medicose
800 3503 970 3564 Macedonia
990 3505 1101 3580 Regem

66 3606 202 3660 secutus
226 3596 389 3675 Philippus,
411 3597 527 3657 natione
552 3598 696 3674 Acarnan,
722 3598 798 3657 fidus
824 3597 977 3657 admodum
1004 3595 1098 3675 Regi3

68 3698 79 3724 ²
95 3711 196 3770 puero
210 3710 313 3766 comes,
335 3699 365 3750 et
388 3699 486 3770 eustos
509 3691 612 3751 salutis
631 3691 724 3766 datus,
738 3711 795 3751 nou
818 3698 852 3750 ut
876 3690 987 3767 Regem
1005 3691 1108 3766 modo,¹

64 3785 140 3848 sed
164 3786 253 3844 etiam
277 3792 311 3844 ut
334 3785 479 3853 alumnam
503 3785 611 3846 eximit
637 3785 778 3844 charitate
804 3782 950 3861 diligebat.
992 3784 1025 3844 Is
1044 3807 1101 3845 uon
