2622 4382
359 353 484 398 nrm
510 353 543 398 x.
572 357 657 400 oar.
686 357 778 400 vrrr.
1023 343 1082 404 aul

79 495 173 558 bunt.
223 491 289 554 Neo
301 491 386 572 velle,
399 511 453 554 neo
464 494 543 556 nolle
555 495 715 576 quidquam
726 497 778 561 diu
795 503 944 576 poterant3
966 499 1085 577 punite·

79 599 166 670 itque
188 591 281 650 modo
304 591 426 666 eonsilii,
446 591 531 652 mode
553 592 733 669 penitentie
752 593 863 672 ipsius:
884 595 922 654 ad
947 595 1085 659 ultimum

79 707 158 746 rnen
183 687 220 745 in
245 687 364 764 stirpem
388 687 499 767 regiam
526 688 720 752 ‘inumerare
740 689 855 750 studiis.
897 688 1030 752 (iesserat
1048 709 1086 753 at

79 783 200 842 »noione
221 783 362 844 Aridaeas
380 783 543 862 prinoipem
563 785 738 846 auetoritate
757 785 950 846 oonterritns:
971 793 1001 846 et
1020 787 1085 848 ab*

79 886 124 936 rte
147 879 216 954 illo,
240 879 419 938 oontiouerat
440 879 536 959 magis
554 881 644 959 quim
662 880 817 960 languerat
835 879 973 942 militaris
993 882 1083 945 maor.

79 993 162 1051 aque
191 981 358 1050 revooatus,
384 979 495 1035 vestem
519 976 630 1052 fretus,
657 995 721 1036 eam
748 977 849 1056 ipsam,
870 997 935 1056 qua
954 977 987 1036 in
1011 976 1085 1039 seua

79 1071 149 1126 »sita
173 1069 283 1146 fuerat,
306 1070 445 1131 induitur.
488 1071 531 1130 Et
554 1071 710 1151 Meleager,
724 1073 841 1132 thom
862 1080 986 1152 sumpto,
1006 1072 1084 1152 oepit

79 1185 144 1240 me,
167 1163 243 1224 novi
263 1165 357 1244 Regis
381 1165 506 1226 satelles.
557 1167 696 1245 Sequitur
714 1167 839 1245 phalanx
858 1168 950 1228 hastis
969 1169 1085 1248 elypeos

79 1263 204 1335 rabiens,
220 1261 408 1338 ¹expleturum
430 1279 461 1320 se
483 1262 621 1340 sanguine
642 1262 769 1338 illorum,
789 1263 860 1341 ‘qui
882 1263 1085 1326 affeetaveraut

79 1356 131 1414 ihil
152 1357 193 1414 ed
217 1356 296 1434 ipsos
317 1357 466 1435 pertinens
486 1375 622 1436 regnum:
642 1358 675 1416 in
696 1359 800 1418 eudem
818 1359 903 1418 domo
915 1359 1085 1439 familiaque

79 1451 177 1527 nperii
192 1451 273 1511 vireu
289 1470 472 1511 remansuras
486 1471 549 1512 esse
562 1453 746 1532 gaudebant:
767 1453 985 1515 hereditarium
998 1455 1084 1533 inape·

79 1547 137 1605 lum
160 1547 284 1626 stirpem
305 1547 413 1627 regiam
426 1548 657 1610 vindieaturam:
679 1555 810 1610 assuetos
822 1567 854 1608 se
873 1569 975 1608 nomen
988 1550 1084 1628 ipsum
1106 1551 1110 1560 “

79 1640 157 1700 olere
171 1641 376 1722 venerarique3
397 1661 452 1702 neo
464 1661 636 1723 quemquam
649 1642 682 1702 id
695 1661 803 1722 eapere,
818 1643 895 1704 'nisi
906 1644 1037 1724 genitum
1049 1649 1084 1706 ut

79 1743 203 1815 egneret.
557 1807 558 1810 Ἰ

120 1833 168 1892 20.
191 1831 288 1913 Igitur
309 1831 464 1893 Perdieoas
487 1833 608 1894 territus
629 1833 772 1910 annelare,
792 1834 825 1894 in
843 1852 900 1914 qao
921 1835 1082 1896 Alexandri

79 1947 164 2005 orpus
184 1928 308 2005 jaoebat,
323 1929 452 1989 obserari
462 1929 555 2006 jubet.
598 1929 734 1990 Sexeenti
746 1949 812 1989 oum
831 1931 896 2008 ipso
909 1939 991 1990 erant
1004 1949 1082 2010 spao-

79 2031 133 2082 atae
145 2023 273 2083 virtutis.
323 2023 499 2084 Ptolemaeus
513 2025 625 2103 quique
638 2043 669 2084 se
683 2025 857 2102 adjunxerat
869 2025 905 2100 ei,
918 2043 1081 2103 puerorum-

79 2137 118 2197 ue
141 2116 222 2196 regia
251 2116 359 2178 eohors.
401 2117 552 2178 caeterum
573 2119 652 2177 haud
674 2119 828 2178 diffioulter
848 2137 866 2178 a
885 2125 932 2178 tot
950 2119 1081 2182 millibus

79 2220 236 2272 ¹rmatorum
254 2213 381 2274 claustra
392 2213 537 2292 periraota
550 2219 625 2273 sunt.
668 2213 710 2274 Et
723 2215 790 2274 Rex
802 2216 916 2292 quoque
928 2215 1082 2292 irruperat,

80 2309 189 2387 tipatue
215 2309 374 2371 satellitum
400 2309 499 2384 turbt,
526 2327 647 2388 quorum
674 2309 805 2388 princeps
832 2315 896 2368 erat
923 2308 1078 2390 Meleager.

79 2412 215 2484 ¹ratusque
237 2404 392 2466 Perdieoas
413 2403 475 2480 hos,
489 2404 540 2483 qui
561 2404 724 2464 Alexandri
745 2421 847 2482 eorpus
867 2403 942 2464 tueri
962 2403 1080 2481 vellent,

79 2509 198 2561 evocat:
220 2501 271 2560 sed
284 2501 335 2580 qui
357 2499 532 2578 irruperant,
546 2499 660 2560 eminis
681 2500 741 2560 tela
754 2501 784 2560 in
797 2501 892 2578 ipsum
913 2499 1079 2577 jaoiebent:

79 2595 216 2674 nullisque
242 2595 413 2671 vulneratis,
441 2593 557 2654 tandem
588 2595 725 2670 seniores,
753 2595 878 2672 demptis
903 2593 995 2674 galeis
1020 2596 1078 2674 qud

79 2691 176 2750 tollius
187 2692 264 2751 nosei
277 2697 404 2770 possent,
418 2689 539 2768 preoari,
553 2690 604 2770 qui
616 2709 682 2750 oum
693 2679 835 2750 Perdioou
848 2696 941 2765 erant,
955 2693 1078 2767 eoepere,

79 2793 103 2844 rt
117 2786 285 2845 abstinerent
305 2785 391 2862 bello,
406 2786 538 2865 Regique
551 2785 601 2844 ‘et
619 2785 751 2863 pluribus
764 2785 909 2844 oederent
958 2783 1077 2846 Primae

79 2880 215 2938 Perdiooas
235 2899 314 2940 arma
336 2883 478 2960 deposuit,
500 2881 653 2959 oaeteriqua
673 2881 752 2939 idem
771 2881 875 2939 fenera.
928 2878 1077 2961 Meleagro

79 2976 171 3034 deinde
192 2975 326 3036 suadente
346 2995 383 3036 ne
396 2996 414 3034 a
427 2995 543 3054 eorpme
557 2975 719 3036 Alexandri
739 2973 948 3051 'diseederent
961 2974 1076 3038 insidiis

79 3072 162 3131 looum
182 3071 268 3151 quaeri
290 3071 356 3147 rati,
377 3071 492 3131 niveae
514 3073 603 3150 regiae
621 3078 704 3149 parte
722 3070 761 3130 ad
780 3071 959 3149 Euphratem
979 3069 1076 3152 fugam

79 3167 221 3228 intendunt.
263 3167 429 3248 Equitatus',
443 3167 493 3246 qui
507 3185 544 3226 ex
555 3166 742 3228 nobilissimis
760 3168 899 3244 juvenum
912 3168 1074 3243 oonstabat,

79 3263 228 3322 Perdiccam
257 3269 287 3329 et
314 3263 474 3322 Leonatum
505 3264 641 3342 frequens
674 3263 854 3342 sequebatur,
887 3263 1074 3342 placebatque

79 3359 197 3418 excedere
208 3359 276 3420 urbe
291 3367 321 3418 et
335 3361 353 3389 ¹⁰
362 3359 480 3419 tendere
493 3359 524 3416 in
544 3359 659 3438 eampis.
702 3359 760 3420 Sed
780 3359 935 3420 Perdiooas
945 3377 982 3417 ne
994 3353 1073 3434 pedi·

79 3462 118 3512 tes
139 3455 243 3534 quidem
266 3462 413 3516 secuturos
437 3455 533 3534 ipsum
556 3455 732 3534 desperabat.
784 3456 896 3532 Itaque,
919 3469 956 3510 ne
983 3449 1072 3511 abdu-

79 3551 157 3609 cendo
170 3551 272 3630 equites
294 3551 442 3630 abrupisse
461 3571 479 3610 a
498 3559 603 3612 eaetero
624 3552 754 3612 exercitu
773 3550 930 3621 videretau,
950 3544 982 3604 in
1000 3543 1072 3606 urbe

79 3645 200 3708 substitit.
1016 3708 1020 3714 .

123 3731 213 3802 ¹lllll.
233 3745 279 3802 21.
301 3741 344 3800 At
366 3741 514 3822 Meleager
535 3743 647 3821 Regem
668 3757 785 3798 monere
804 3755 864 3796 non
876 3734 1001 3812 dmutit,
1019 3737 1070 3815 jus

81 3835 177 3913 inperii
189 3837 326 3898 Perdiooae
346 3845 439 3896 morte
453 3837 636 3896 seruiendum
658 3852 737 3909 esse;
758 3837 791 3890 ni
811 3836 966 3911 oooupatur
979 3831 1067 3912 impo
