2622 4382
450 353 573 396 arasa
601 354 635 395 x.
666 354 752 396 oar.
783 355 827 398 11.
1092 339 1147 401 251

129 491 216 552 vobis
231 509 427 571 conceperam,
449 492 570 553 dumne:
592 513 648 554 uec
666 501 702 554 nt
722 514 789 554 cum
811 495 954 557 militibus
977 494 1050 556 meis
1072 495 1150 574 (jam

129 587 207 646 enim
222 607 286 646 esse
306 588 477 668 destitistis)
498 589 559 664 sed,
580 595 616 648 ut
629 567 695 649 crim
714 589 918 668 ingratissimis
939 592 1044 668 operis,
1063 612 1149 672 egere

129 681 253 742 decrevi.
297 682 439 744 Secundis
447 683 543 760 rebus,
554 704 620 762 quae
630 685 834 744 circumfluunt
843 705 904 760 vo,
915 685 1041 746 insanire
1050 687 1148 766 eoepis-

129 777 179 850 tis,
194 777 279 838 obliti
294 782 391 838 status
405 779 469 856 ejus
483 799 571 859 quem
585 779 723 840 beneficio
738 780 863 840 exuistis
877 800 960 842 meo:
982 781 1073 866 Digni
1086 784 1148 842 her-

129 872 194 930 cule
209 873 302 952 quiin
324 873 424 933 eodem
445 875 677 951 consenescatis;
699 875 837 954 quonism
859 876 975 936 facilius
999 884 1045 936 est
1064 877 1149 940 vobis

127 967 278 1027 adversam
292 971 380 1048 quam
395 971 553 1030 secundam
567 990 669 1050 regere
689 971 867 1030 fortunam.’'
925 1047 929 1053 Ι

185 1067 203 1098 “
215 1064 263 1123 En
276 1065 412 1124 tandem!
434 1065 606 1143 Illyriorum
619 1067 706 1143 puuld
721 1066 789 1124 ante
804 1073 834 1124 et
848 1067 1005 1126 Persarum
1026 1067 1146 1127 tributa·

125 1158 186 1234 riis,
202 1160 277 1218 Asia
291 1169 322 1220 et
336 1167 382 1219 tot
395 1161 527 1239 gentium
542 1161 636 1238 spolia
649 1159 768 1220 fastidio
780 1169 855 1220 sunt.
899 1162 991 1222 Medd
1006 1163 1060 1224 sub
1076 1162 1145 1222 Phi-

124 1253 204 1332 lippo
233 1255 403 1330 seminudis,
425 1255 550 1314 amicula
573 1276 611 1314 ex
635 1261 765 1334 purpure
787 1257 805 1284 ²⁸
817 1257 943 1316 sordent.
986 1258 1102 1316 Aurum
1117 1265 1147 1316 et

124 1358 279 1429 argentum
293 1351 370 1409 oculi
384 1352 460 1410 ferre
474 1371 533 1409 non
546 1358 677 1428 possunt.
730 1351 842 1428 Lignea
853 1351 929 1410 enim
943 1371 1013 1410 vasa
1035 1352 1146 1412 deside·

125 1453 202 1518 rant,
217 1453 248 1505 et
272 1465 309 1504 ex
332 1446 460 1506 cratibus
483 1454 575 1522 scuta,
595 1447 816 1526 rubiginemque
836 1445 1009 1524 gladiorum.
1052 1447 1147 1508 nHoc

126 1541 209 1599 cultu
222 1541 351 1600 nitentes
363 1561 416 1602 vos
429 1543 536 1621 accepi,
552 1549 582 1602 et
595 1543 755 1622 quingenta
768 1541 879 1602 talenta
889 1543 957 1602 aeris
966 1541 1062 1618 alieni,
1078 1546 1146 1602 crim

126 1637 220 1694 omnis
235 1638 316 1716 regia
330 1637 461 1714 supellex
475 1638 554 1696 haud
567 1637 690 1715 amplius
704 1639 793 1717 quim
805 1639 957 1717 sexaginta
970 1637 1146 1698 talentorum

125 1739 212 1803 esset,
228 1752 357 1792 meorum
368 1753 489 1811 operum
502 1735 713 1809 fundumenta;
735 1733 841 1814 quibus
856 1741 954 1792 tamen
969 1733 1002 1810 (¹⁸
1012 1733 1090 1794 absit
1101 1735 1144 1794 in-

122 1826 215 1906 vidia)
231 1828 384 1905 imperium
398 1829 532 1888 maxima
545 1836 692 1888 terrarum
705 1829 796 1906 pertis
810 1829 964 1907 imposu'u”

184 1925 201 1956 “
213 1922 332 1982 Asiaene
346 1931 503 2002 pertaesum
523 1931 577 1998 est,
599 1943 665 2003 quas
683 1943 736 1984 vos
760 1923 854 2002 gloria
873 1943 973 1984 rerum
994 1932 1143 2004 gestarum

123 2016 188 2076 Diis
202 2037 287 2095 pares
301 2019 396 2077 fecit?
438 2019 475 2078 In
490 2019 639 2096 Europam
653 2020 696 2078 ire
718 2020 890 2098 properatis,
911 2019 995 2098 Rege
1018 2019 1142 2098 deserto,

123 2113 328 2191 cumpluribus
338 2118 472 2174 vestrum
482 2114 651 2172 defuturum
659 2113 905 2187 viaticumfuerit‚
917 2117 949 2172 ni
965 2133 1005 2174 res
1015 2115 1142 2176 alienum
1175 2180 1182 2202 ,

122 2207 249 2284 luissem,
272 2211 292 2238 ¹⁰
301 2210 403 2286 nempe
424 2229 462 2266 ex
477 2207 613 2268 Asiatica
626 2208 735 2285 praeda.
778 2208 842 2267 Nee
863 2208 955 2285 pudet
968 2209 1141 2286 ”profundo

121 2311 223 2362 uentre
237 2303 418 2362 devictarum
430 2303 561 2380 gentium
576 2303 670 2380 spolia
682 2302 929 2376 circumferentes,
940 2303 1052 2362 reverti
1066 2303 1141 2366 velle

122 2399 160 2458 ad
180 2399 287 2459 liberos
301 2401 503 2477 coniugesque,
518 2398 625 2478 quibus
638 2399 724 2476 pauci
736 2398 856 2476 praemia
868 2397 1001 2458 victoriae
1014 2397 1139 2477 potestis

121 2495 281 2554 ostendere.
325 2494 403 2554 Num
416 2502 596 2568 caeterorum,
612 2493 681 2552 dum
696 2494 783 2552 etiam
807 2493 868 2572 spei
892 2501 999 2554 vestrae
1023 2493 1140 2556 obviam

121 2589 180 2665 itis,
195 2609 274 2648 arma
286 2591 400 2669 quoque
414 2589 529 2668 pignori
543 2596 619 2648 sunt.
663 2589 683 2616 ²²
695 2587 787 2648 Bonis
807 2590 877 2650 verb
898 2589 1043 2650 militibus
1065 2591 1136 2648 cari-

121 2694 206 2746 turus
220 2706 293 2762 sum,
307 2687 444 2764 pellicum
458 2705 579 2744 suarum
593 2685 782 2762 concubinis;
803 2685 911 2764 quibus
925 2686 980 2744 hoc
994 2685 1088 2744 solum
1102 2705 1140 2744 ex

120 2782 212 2840 tantis
226 2781 328 2858 opibus
343 2789 483 2858 superest,
497 2781 528 2839 in
542 2780 621 2860 qnod
634 2781 839 2858 impenditur.”

183 2875 341 2934 “Proinde
355 2877 535 2953 fugientibus
549 2895 594 2934 me
608 2883 729 2954 pateant
748 2875 866 2934 limites.
909 2873 1057 2934 Facessite
1071 2875 1138 2934 hinc

121 2970 213 3030 ocidr.
257 2969 323 3048 Ego
337 2989 403 3028 cum
417 2971 518 3028 Persis
531 2971 701 3030 abeuntium
715 2977 798 3048 terga
813 2969 939 3030 tutabor.
982 2969 1137 3032 Neminem

120 3074 225 3125 teneo:
247 3063 369 3124 liberate
393 3064 493 3124 oculos
518 3085 607 3140 meos,
629 3064 821 3144 ingratissimi
848 3063 934 3126 oives.
977 3065 1056 3126 Laeti
1082 3085 1136 3127 vos

70 3173 81 3192 ·
120 3161 265 3239 excipient
293 3167 429 3238 parentes
453 3160 604 3239 liberique,
632 3161 694 3219 sine
722 3167 817 3220 vestro
845 3159 929 3240 Rege
961 3159 1135 3222 redeuntes!

120 3259 237 3318 obvitm
260 3257 346 3317 ibunt
367 3257 565 3318 desertoribus
585 3255 820 3335 transfugisquei
863 3257 1059 3336 Triumphebo
1080 3277 1136 3314 me·

119 3352 239 3422 hercule
254 3353 290 3412 de
309 3353 381 3430 fuge
395 3356 513 3412 uestra:
536 3360 566 3412 et
586 3351 762 3432 ubicumque
775 3371 833 3428 ero,
848 3353 869 3380 ²²
880 3361 1015 3432 expetam
1028 3369 1133 3430 peenas,

119 3449 183 3524 hos,
197 3467 263 3506 cum
276 3449 382 3527 quibus
396 3469 442 3508 me
457 3448 632 3528 relinquitis,
646 3448 776 3526 colendo,
791 3448 1030 3526 praeferendoque
1044 3444 1134 3504 vobis.

120 3543 302 3603 dementem
316 3543 423 3619 scietis,
439 3551 470 3602 et
483 3551 627 3622 quantum
640 3544 702 3603 sine
717 3543 800 3622 Rege
815 3543 911 3603 ualeat
935 3539 1091 3613 exercitus,
1106 3545 1137 3598 et

120 3639 192 3718 qnid
205 3640 269 3717 opis
283 3638 314 3696 in
327 3657 373 3698 me
387 3657 445 3698 uno
460 3639 527 3699 sit.¹‘
578 3639 709 3698 Desiluit
723 3637 829 3696 deinde
843 3634 980 3694 frendens
995 3632 1031 3692 de
1045 3631 1135 3694 tribu-

120 3732 188 3808 nali,
213 3739 243 3790 et
267 3732 297 3790 in
321 3732 447 3790 medium
469 3741 647 3792 armatorum
671 3751 774 3808 agmen
798 3747 830 3788 se
850 3727 987 3802 immisit3
1011 3734 1136 3786 notatos·

120 3849 186 3908 que,
200 3828 251 3910 qui
264 3827 445 3888 ferocissime
459 3829 589 3893 oblocuti
610 3834 702 3899 erant,
724 3823 856 3902 singulos
871 3843 958 3882 manu
978 3823 1134 3902 corripuit:
