2520 4390
356 393 478 437 urana
509 395 562 436 vr.
594 395 679 438 aar.
712 393 784 436 νυ.
1021 375 1078 438 tat

53 570 114 612 non
127 549 209 612 ultra
222 549 461 629 interpellandum
482 556 571 626 ratus,
585 549 677 612 nobili
688 549 787 628 juveni
812 548 942 627 (Metron
964 543 1029 609 erat
1050 549 1079 612 ei

52 638 172 726 hornen)
196 666 283 726 supra
295 645 546 706 armamentarium
567 645 672 724 posito,
695 645 772 724 quod
795 643 887 704 scelus
914 651 1075 724 pararetur,

53 741 177 802 indicat.
237 741 303 818 Ille,
319 739 457 802 Cebalino
471 739 502 799 in
515 741 734 800 armamentario
751 739 928 816 abscondito,
941 741 1076 818 protinus

56 835 137 916 Regi
152 855 252 914 corpus
265 837 340 896 forte
354 835 478 911 curanti,
492 835 562 916 quid
576 835 603 894 ei
616 835 705 894 index
725 835 884 910 detulisset,
899 835 1033 895 ostendit.

119 935 166 991 21.
188 933 263 1008 Rex,
288 931 326 991 ad
349 931 650 1010 comprehendendum
675 929 824 1008 Dymnum
847 931 944 991 missis
970 929 1075 990 satelli·

56 1027 146 1100 tibus,
161 1027 416 1086 armamentarium
438 1027 536 1086 intrat.
590 1025 640 1088 Ibi
661 1025 818 1087 (lebalinus
841 1025 949 1106 gaudio
969 1025 1074 1100 elatus,

54 1121 190 1182 “Habeo
216 1124 272 1198 te,”
297 1123 401 1202 inquit,
416 1125 434 1156 “
445 1121 618 1180 incolumem
635 1141 671 1180 ex
682 1121 836 1199 impiorum
849 1121 983 1182 manibus
998 1140 1074 1198 erep-

53 1219 147 1276 tum.”
189 1218 404 1277 Perounctatus
418 1216 524 1275 deinde
539 1216 709 1276 Alexander
732 1235 800 1295 quas
819 1215 966 1275 noscenda
979 1223 1075 1292 erant,

52 1313 160 1370 ordine
175 1319 279 1373 cuncta
292 1311 450 1390 cognoscit.
492 1310 669 1388 Rursusque
683 1310 795 1368 institit
814 1329 953 1388 quaerere,
968 1317 1076 1388 quotus
1099 1373 1104 1384 ,

52 1407 121 1465 dies
147 1413 234 1480 esset,
249 1425 286 1464 ex
309 1425 366 1484 quo
382 1404 577 1463 Nicomachus
601 1403 640 1462 ad
664 1423 730 1462 eum
757 1403 913 1463 detulisset
926 1403 1074 1463 indicium

56 1501 163 1580 Atque
187 1499 239 1560 illo
252 1501 362 1560 fatente
382 1501 444 1578 jam
468 1499 588 1558 tertium
602 1517 675 1576 esse,
690 1499 860 1558 existimans
884 1499 963 1558 haud
986 1499 1078 1558 incor-

53 1600 147 1673 rupta
174 1595 231 1655 fide
263 1595 345 1654 tantd
371 1602 441 1674 post
469 1595 582 1654 deferre
609 1615 675 1676 quae
703 1593 845 1670 audierat,
873 1595 977 1655 vinciri
1010 1613 1077 1652 eum

58 1691 160 1768 jussit.
220 1689 277 1750 Ille
304 1691 452 1750 clamitare
480 1691 576 1768 coepit,
605 1689 733 1749 “eodem
762 1691 901 1768 temporis
928 1695 1075 1749 momento

51 1807 110 1866 quo
126 1785 265 1864 audisset,
279 1785 317 1844 ad
340 1785 488 1844 Philotam
502 1785 682 1844 decurrisse:
703 1785 788 1846 abeo
802 1783 1074 1864 percunctaretur.”

52 1881 121 1940 Rex
145 1881 217 1940 item
241 1900 381 1960 quaerens,
396 1881 413 1914 ‘⁸
425 1901 462 1938 an
476 1879 625 1939 Philotam
641 1880 764 1953 adisset,
780 1881 845 1939 ''an
859 1881 1018 1940 institisset
1038 1879 1075 1956 ei,

53 1983 87 2034 ut
101 1977 270 2054 perveniret
283 1976 321 2034 ad
335 1995 366 2034 se
377 1996 384 2051 3
394 1977 412 2006 ’‘
432 1982 637 2053 perseverante
652 1995 686 2034 eo
701 1975 843 2034 affirmare
864 1995 930 2054 quae
945 1975 1074 2049 dixerat,

52 2091 160 2130 manus
182 2071 220 2130 ad
244 2071 350 2130 coelum
374 2070 505 2143 tendens,
519 2069 705 2128 manantibus
727 2069 875 2147 lacrymis,
888 2071 963 2128 hauc
988 2069 1076 2129 sibia

54 2165 208 2222 carissimo
237 2165 383 2243 quondam
407 2155 572 2222 amicorum
588 2163 711 2222 relatam
737 2164 862 2240 gratiam
889 2163 1074 2241 querebatur.

54 2259 145 2319 Inter
170 2259 233 2318 haec
258 2257 398 2336 Dymnus,
423 2257 502 2316 haud
525 2255 653 2335 ignarus,
678 2277 765 2334 quam
785 2256 823 2316 ob
848 2275 965 2316 causam
985 2275 1076 2316 accer-

53 2361 173 2414 seretur
197 2372 215 2411 a
239 2351 333 2431 Rege,
359 2351 457 2430 gladio
485 2369 542 2429 quo
563 2351 640 2409 forte
665 2357 728 2420 erat
751 2349 872 2424 unctus,
896 2348 1026 2429 graviter
1046 2367 1081 2409 se·

52 2447 209 2507 vulnerat:
241 2465 419 2525 occursuque
444 2445 604 2505 satellitum
627 2443 779 2519 inhibitus,
806 2445 955 2524 perfertur
981 2444 1013 2503 in
1033 2463 1076 2504 re·

53 2544 138 2621 giam.
186 2541 281 2613 Quem
296 2542 412 2600 intuens
426 2541 513 2600 Rex:
544 2539 808 2620 “Quod,”inquit,
824 2539 1074 2620 “inte,Dymne,

55 2645 171 2697 tantum
186 2637 312 2716 cogitavi
325 2638 416 2712 nefas,
431 2644 465 2695 ut
486 2635 542 2697 tibi
565 2635 759 2695 Macedonum
773 2653 863 2715 regno
879 2635 993 2716 dignior
1006 2635 1075 2695 Phi·

54 2732 129 2792 lotas
143 2753 193 2793 me
208 2751 321 2812 quoque
335 2733 398 2810 ipso
411 2731 587 2793 videretur?
601 2731 618 2764 ”
662 2731 753 2791 illum
764 2734 826 2809 jam
847 2729 994 2789 deiecerat
1007 2747 1074 2789 vox.

56 2827 165 2908 Itaque
192 2829 271 2886 edito
298 2827 417 2906 gemitu,
445 2827 588 2906 vultuque
615 2845 632 2886 a
659 2833 816 2905 conspectu
842 2823 937 2903 Regis
964 2842 1075 2900 averso,

57 2922 184 2982 subinde
199 2921 342 2998 collapsus
356 2923 546 3001 extinguitur.

117 3021 167 3076 22.
189 3015 266 3090 Rex,
298 3015 418 3074 Philota
440 3018 539 3077 venire
563 3015 595 3076 in
615 3015 726 3096 regiam
747 3017 839 3093 jusso,
861 3015 878 3049 “
891 3013 1076 3094 Cebalinus,’'

60 3111 164 3191 inquit,
193 3111 353 3170 “ultimum
380 3111 552 3188 supplicium
585 3111 718 3186 meritus,
747 3110 831 3170 siin
858 3117 946 3190 caput
977 3131 1076 3170 meum

58 3213 237 3285 praeparatas
252 3205 374 3264 insidias
398 3203 489 3266 biduo
503 3205 635 3280 texisset,
649 3205 738 3284 hujus
751 3205 881 3265 criminis
900 3227 982 3267 reum
1007 3205 1076 3266 Phi·

60 3299 149 3362 lotam
177 3302 338 3376 substituit,
366 3301 404 3360 ad
431 3320 518 3380 quem
545 3301 677 3379 protinus
705 3301 845 3362 indicium
872 3302 1013 3363 detulisse
1044 3317 1076 3357 se

62 3395 191 3455 affirmat.
232 3397 253 3428 ¹⁸
264 3396 329 3468 Quo
353 3397 487 3476 propiore
510 3397 604 3476 gradu
624 3395 760 3460 amicitias
781 3419 828 3458 ma
853 3397 1006 3476 contingis,
1021 3393 1077 3451 hoo

62 3493 155 3568 majus
170 3499 215 3550 est
229 3491 469 3551 dissimulationis
482 3497 542 3551 tuae
561 3491 691 3552 facinus:
714 3501 745 3553 et
758 3513 812 3572 ego
828 3491 969 3552 Cebalino
982 3485 1076 3562 magis
1142 3517 1148 3528 ·

63 3587 148 3662 quam
173 3587 301 3648 Philotae
324 3587 356 3646 id
380 3589 533 3650 convenire
557 3589 659 3649 fateor.
702 3589 864 3650 Faventem
886 3584 978 3644 habes
1000 3578 1076 3656 judi·

65 3698 133 3756 cem,
158 3683 285 3764 siquod
309 3685 425 3743 admitti
451 3705 509 3744 non
534 3687 672 3763 oportuit,
695 3685 799 3744 saltem
826 3677 927 3757 negari
953 3677 1077 3755 potest’⁸

67 3773 114 3831 Ad
127 3775 187 3837 haec
210 3777 353 3852 Philotas,
368 3778 446 3838 haud
470 3782 539 3838 sane
564 3779 706 3864 trepidus,
728 3777 754 3836 si
776 3773 888 3832 animus
901 3771 1076 3832 vulturesti·

67 3877 198 3948 meretur,
226 3871 429 3933 “Cebalinum
455 3869 573 3952 quidem
601 3871 691 3932 scorti
725 3885 885 3928 sermonem
913 3867 952 3926 ad
973 3887 1004 3929 se
1028 3867 1076 3927 de·
