2520 4390
317 385 440 426 nrsxa
462 385 495 426 v.
524 383 609 426 osr.
639 383 691 424 rx.
956 365 1008 426 1⁰1

67 545 133 602 gnum
144 530 224 599 tuan,
237 522 346 584 salubri
358 523 470 582 ratione
484 539 640 582 conserves
701 520 768 582 Diis
783 520 892 582 aversis
902 521 1010 583 bellum

67 637 128 692 mus,
141 625 166 676 et
178 619 304 696 pertinax
317 619 433 678 fortune
446 618 554 678 Perses
568 637 670 696 urgere
682 635 739 676 nou
759 616 873 678 desinit
915 617 944 676 N
947 617 1010 678 ovis

67 711 107 772 tiis
119 719 145 770 et
156 711 284 772 ominibus
298 731 370 790 opus
383 719 435 772 est.
456 711 646 788 ‘Auspicium
659 717 688 769 et
698 710 850 788 imperium
863 711 915 770 alii
927 711 1009 770 trade

69 807 137 880 erim,
149 805 192 883 qui
211 813 268 865 tem
290 806 341 866 diu
354 807 421 866 Rex
435 805 604 884 appelletur,
620 805 709 864 donee
724 805 799 866 Asis
813 805 933 864 deoedat
945 805 1008 864 hos·

102 900 192 960 Victor
211 901 335 960 'deinde
357 921 474 982 regnum
495 901 551 960 tibi
578 899 702 959 reddet:
740 899 794 958 hoo
816 906 914 958 sutem
927 901 1007 962 brevi

67 1015 135 1053 urum
146 996 213 1055 ratio
224 996 376 1074 promittit
438 995 548 1056 Baetra
560 995 671 1054 intaeta
692 1001 778 1054 sunt:
799 993 869 1054 Iudi
882 1001 913 1053 et
926 994 1008 1058 saca

67 1093 103 1147 ut
114 1097 245 1168 potestate
255 1113 262 1168 ;
279 1098 324 1150 tot
333 1091 443 1168 populi,
453 1097 498 1149 tot
507 1091 660 1165 exereitus,
672 1097 717 1149 tot
726 1091 855 1169 equitum
864 1090 1007 1170 peditum·

76 1185 160 1246 millia
171 1185 205 1244 ad
216 1186 410 1247 renovandum
423 1186 534 1247 bellum
546 1187 624 1246 vires
637 1193 754 1264 paratas
767 1186 884 1260 habent,
897 1194 931 1246 ιιι
949 1207 1007 1246 ma

73 1280 139 1340 belli
151 1281 252 1340 'moles
266 1283 400 1359 supersit,
420 1283 508 1359 qudm
527 1281 669 1340 exhauste
688 1281 735 1341 sit
798 1281 877 1352 Quid
897 1281 1008 1342 ruimus

67 1397 159 1435 uarum
183 1378 243 1436 ritu
274 1378 305 1435 in
335 1377 494 1454 pernioiem
516 1397 575 1436 non
601 1378 816 1439 neeessariam?
875 1380 1009 1440 Fortium

67 1491 130 1528 rum
151 1478 192 1529 est
212 1472 302 1550 magis
322 1479 444 1530 mortem
465 1479 654 1547 oontemsere,
678 1475 766 1552 quim
792 1473 887 1534 odisse
909 1475 1007 1536 vitam.

67 1567 88 1622 ιὸ
102 1565 186 1624 taedio
198 1565 303 1626 laboris
316 1567 373 1626 'ad
386 1567 531 1626 vilitatem
555 1567 600 1626 sui
622 1569 828 1646 compelluntur
841 1569 957 1649 ignavi:
978 1578 1009 1630 at
1106 1627 1113 1640 ,

67 1680 94 1718 rs
106 1661 176 1719 nihil
188 1661 366 1740 inexpertum
380 1663 496 1723 omittit
525 1663 630 1742 Itaque
644 1664 779 1724 ultimum
789 1665 917 1724 omnium
930 1685 1008 1726 mors

82 1756 212 1835 adquam
224 1778 281 1817 non
294 1759 379 1838 pigrd
393 1758 437 1817 ire
451 1758 523 1818 satis
537 1767 591 1819 est.
619 1759 747 1819 Proinde
762 1761 788 1820 si
801 1761 919 1836 Baetra,
931 1761 1007 1839 quod

67 1852 169 1910 simum
181 1855 390 1932 reeeptaeulum
403 1861 455 1929 est,
470 1855 605 1932 petimus,
617 1855 792 1916 Praefectum
805 1857 931 1936 regionis
945 1858 1008 1934 ejus

69 1967 124 2021 um,
138 1947 250 2027 Regem
265 1951 282 1980 ¹⁰
295 1949 432 2028 temporis
445 1949 541 2028 gratid
555 1957 724 2010 statuemus.
767 1949 942 2028 Compositis
963 1971 1006 2012 re·

68 2045 86 2070 ¹¹
95 2044 175 2118 justo
189 2043 266 2122 Regi
280 2043 336 2105 tibi
348 2045 368 2073 ²²
377 2044 558 2104 fiduciariam
571 2045 708 2104 restituet
722 2045 902 2122 imperium.”

70 2140 96 2194 6.
120 2138 212 2196 Hand
239 2139 344 2198 mirum
372 2146 425 2212 est,
455 2139 578 2198 Darium
604 2159 663 2197 non
690 2143 872 2216 temperdsse
900 2140 1007 2216 animo,

67 2251 191 2309 anquam
213 2240 274 2290 tam
297 2233 393 2309 impiae
406 2233 471 2292 soei
484 2242 625 2312 quantum
645 2235 727 2292 nefas
741 2234 873 2294 subesset
887 2234 1006 2296 lambat

68 2347 102 2400 re,
126 2327 147 2356 ¹⁴
160 2330 177 2360 ‘⁴
190 2327 385 2401 Pessimum,”
406 2329 508 2406 inquit,
534 2329 745 2406 “mansipium,
767 2330 904 2406 reperisti
928 2337 1006 2408 opta·

68 2423 122 2480 tibi
135 2431 261 2500 tempus,
273 2441 329 2502 quo
340 2423 528 2500 parricidium
537 2425 664 2502 aperires
674 2425 681 2483 l
692 2427 706 2456 '²
726 2425 883 2504 strictoque
892 2427 1007 2487 aoinaee

68 2519 195 2577 tuturus
219 2539 286 2578 eum
307 2519 468 2594 videbatur,
496 2521 559 2578 ”ni
589 2523 710 2598 propert
738 2521 849 2582 Bessus
877 2521 1005 2584 Bactria·
1112 2548 1127 2560 ·

68 2660 73 2688 ,
99 2615 239 2673 tristium
266 2615 370 2692 speeie,
399 2617 548 2690 eaeterdm,
577 2615 602 2675 si
629 2624 837 2694 perseveraret,
867 2618 1005 2698 vinetnri,

68 2709 257 2768 ustotissent.
301 2709 488 2770 Nabarzanes
502 2712 620 2770 interim
630 2713 754 2790 elapsus,
768 2732 838 2772 mox
852 2721 882 2770 et
896 2712 1006 2772 Bessus

68 2813 167 2879 sutus,
184 2806 286 2883 copias
300 2805 405 2884 quibus
418 2813 564 2884 praeerant
578 2828 595 2866 a
608 2815 712 2866 eaetero
727 2807 859 2866 exercitu
873 2807 1006 2866 seeedera

71 2908 95 2974 t,
113 2908 270 2958 secretum
283 2901 386 2959 inituri
407 2901 568 2960 eonsilium.
611 2901 778 2960 Artabazus
791 2901 1006 2962 eonvenientem

68 2996 116 3053 uti
141 2996 277 3055 fortunae
298 2997 472 3054 sententiam
495 3016 588 3070 orsus,
603 2996 739 3074 mitigare
761 2995 892 3072 Darium,
909 2998 1006 3058 ¹⁸tem·

68 3141 71 3149 .
104 3091 282 3150 identidem
308 3091 464 3150 admonens
498 3092 604 3168 eoepit:
639 3091 772 3150 “Ferret
798 3112 881 3171 aequo
909 3095 1005 3154 auimo

68 3206 244 3266 meuuque,
267 3205 385 3245 suorum
407 3194 514 3260 tomen,
541 3185 590 3246 vel
613 3185 769 3246 stultitiam
789 3188 837 3248 vel
865 3209 1002 3248 errorem.

68 3303 83 3340 e
111 3281 331 3341 Alexandrum
346 3283 366 3311 ¹*
372 3301 501 3360 gravem,
516 3281 628 3340 etiamsi
642 3301 740 3342 omnes
763 3285 870 3361 praestd
891 3291 1005 3344 essent:

68 3383 210 3452 uturum,
226 3377 253 3436 si
264 3375 517 3455 perseeutifugam
531 3377 622 3456 ipsius
636 3377 799 3438 alienentur
810 3380 824 3438 l
834 3380 850 3411 ’²
893 3377 1006 3452 ¹⁸AEgre

85 3473 266 3547 Artabane,
289 3479 318 3532 et
339 3491 501 3551 quanquam
522 3491 636 3532 movere
658 3482 753 3534 eastra
772 3477 925 3545 statuerat,
945 3477 1005 3528 tur·

68 3574 184 3626 tamen
212 3568 341 3626 omnium
365 3567 478 3642 animis,
503 3569 605 3627 eodem
625 3569 656 3627 iu
678 3569 741 3628 loeo
763 3565 903 3627 substitit.
947 3563 1006 3623 Sed

68 3681 115 3720 aus
145 3663 300 3722 moestitid
325 3663 412 3722 simul
433 3669 462 3722 et
483 3663 692 3741 desperatione,
706 3657 894 3722 tabernaculo
915 3676 944 3715 se
965 3658 1004 3716 in·

121 3757 221 3836 Ergo
247 3758 277 3815 in
305 3757 418 3831 eastris,
445 3777 512 3836 quae
538 3758 650 3816 nullius
673 3755 848 3832 regebantur
874 3751 1004 3831 imperio,

69 3853 240 3913 uimorum
261 3859 359 3911 motus
372 3859 472 3911 mant:
492 3871 545 3910 neo
559 3853 590 3910 iu
604 3867 763 3923 eommune,
777 3850 927 3923 stanteis,
942 3869 1005 3910 oon,-
