2622 4382
400 394 524 438 arnus
549 393 601 438 rx.
630 393 718 439 w:
742 397 818 439 vus.
1067 376 1128 440 283

119 535 227 598 nedem
242 535 337 616 igitur
358 535 390 596 in
409 535 539 598 convivio
566 535 711 596 Horratas
731 535 852 598 Macerio
871 537 933 614 jam
951 535 1128 596 tommano

9 667 10 716 3
118 633 287 710 exprobrare
308 631 335 690 ei
357 629 452 709 coepit,
467 638 500 688 et
510 630 666 709 postulare,
679 637 714 690 ut
735 630 761 690 si
781 631 827 691 vir
847 638 932 707 essct,
945 637 1061 708 postero
1080 629 1129 690 dis

8 725 10 770 l
118 743 213 786 secum
231 728 308 786 ferro
334 726 515 787 decerneret:
545 725 657 805 Regem
683 725 800 785 tandem
819 725 866 786 rel
885 726 922 784 de
940 729 996 785 sus
1015 725 1128 786 temeri·

8 869 9 886 1
117 828 184 897 tate,
197 822 244 881 rel
257 821 293 880 de
312 821 391 880 iliius
412 820 532 900 ignovit
549 821 755 898 judicaturum
798 821 841 880 Et
854 841 872 880 a
885 820 1041 898 Dioxippo,
1064 837 1128 880 ocn-

8 915 9 986 3
117 921 248 993 cepam
260 915 415 976 animem
429 915 721 991 eiaterensem,
735 901 991 993 menneo
1006 921 1059 975 er

172 1015 219 1072 at.
241 1013 288 1071 Ao
309 1019 425 1091 postero
439 1013 486 1072 die
507 1012 583 1088 Rex,
602 1014 670 1073 edm
692 1012 782 1071 etiam
801 1011 898 1072 acrius
917 1018 1062 1072 certamen
1082 1029 1129 1072 ex·
1244 1015 1250 1020 ’

114 1114 262 1184 poscerent
274 1109 342 1186 quia
355 1107 499 1166 deterrere
517 1125 575 1166 non
594 1113 716 1185 poterat,
732 1107 880 1166 destinata
892 1107 1011 1186 exsequi
1025 1125 1129 1185 passus

116 1210 164 1264 oet.
200 1203 308 1282 Ingens
320 1203 368 1260 hic
379 1201 517 1276 militum,
530 1201 607 1260 inter
618 1220 692 1280 quos
705 1209 787 1260 erant
800 1201 904 1276 Graeci,
918 1202 970 1280 qui
983 1201 1128 1280 Dioxippe

116 1299 281 1372 studebant,
293 1302 467 1356 convenerat
473 1295 637 1356 multitudo.
680 1295 801 1354 Macedo
816 1297 834 1326 ¹⁰
842 1297 924 1371 justa
936 1315 1018 1354 arma
1035 1315 1128 1373 eump-

114 1401 210 1454 serat:
244 1409 354 1451 cereum
381 1389 523 1467 clypeum,
551 1389 702 1464 ¹²hastem,
728 1408 815 1467 quam
846 1391 990 1448 scrisacrn
1017 1395 1129 1465 vocant,

115 1487 189 1547 lars
212 1493 325 1560 tenens,
343 1485 448 1544 dextre
469 1485 614 1544 lanceam:
643 1483 797 1564 gladioque
820 1483 940 1560 cinctus,
963 1483 1045 1545 velut
1064 1502 1130 1546 cunr

114 1581 247 1661 pluribus
268 1580 354 1640 simul
377 1579 572 1640 dimicaturus.
613 1579 777 1658 Dioxippus
799 1580 863 1640 oleo
883 1579 987 1656 nitens,
1001 1587 1031 1640 et
1051 1599 1129 1642 coro

114 1685 208 1752 natus,
221 1676 297 1737 laevt
320 1677 338 1706 ¹²
346 1675 500 1754 puniceum
524 1675 686 1751 amiculum,
700 1674 813 1747 dextre¹
826 1675 955 1736 validum
978 1676 1129 1738 nodosum·

114 1793 168 1852 que
182 1773 310 1850 stipitem
321 1772 499 1850 praeferebat.
542 1771 588 1830 Ea
608 1771 671 1849 ipsa
689 1789 736 1831 res
749 1772 878 1832 omnium
892 1773 1002 1832 animos
1015 1791 1129 1851 exspec-

113 1867 222 1926 tatione
243 1867 448 1945 suspenderat:
469 1865 575 1947 quippe
597 1874 708 1926 armato
722 1868 860 1945 congredi
883 1868 1001 1944 nudum,
1015 1868 1128 1928 demen-

113 1962 163 2038 tia,
188 1981 245 2022 non
267 1963 416 2021 temeritas
436 1961 600 2023 videbatur.
649 1961 749 2041 Igitur
770 1961 899 2038 Macedo,
923 1963 1002 2024 haud
1022 1964 1129 2026 dubius

113 2058 224 2116 eminus
249 2057 373 2116 interfici
399 2057 519 2134 ¹⁸posse,
546 2057 674 2116 lanceam
700 2058 815 2118 emisit:
849 2079 935 2136 quam
964 2059 1128 2137 Dioxippus

113 2154 182 2210 culm
201 2151 306 2230 erigut
324 2152 451 2228 corporis
471 2151 661 2210 declinatione
681 2153 811 2226 vitasset,
827 2154 983 2231 antequem
995 2153 1046 2212 ille
1064 2153 1129 2212 has·

113 2253 177 2305 tam
198 2245 368 2306 transferret
389 2245 421 2303 in
444 2245 584 2320 dextram,
605 2245 721 2304 assiluit
739 2253 771 2304 et
791 2246 892 2324 stipite
917 2246 1042 2306 mediam
1067 2265 1130 2308 cum

111 2341 209 2420 fregit
251 2339 370 2400 Amisso
390 2345 513 2418 utroque
533 2339 601 2414 telo,
616 2338 738 2398 Macedo
759 2339 887 2418 gladium
900 2349 1025 2418 creperet
1044 2341 1129 2400 strin-

111 2455 201 2515 gere:
223 2435 242 2464 ¹⁴
251 2455 338 2516 quem
351 2442 520 2513 occupatum
533 2433 690 2512 complexu,
704 2433 826 2513 pedibus
838 2438 957 2513 repente
971 2435 1128 2513 subductis,

112 2531 275 2610 Dioxippus
287 2530 424 2591 arietavit
443 2531 612 2589 interram:
633 2537 786 2610 ereptoque
805 2529 912 2610 gladio,
926 2531 1029 2609 pedem
1042 2550 1129 2611 super

110 2627 252 2688 cervicem
273 2627 399 2704 jacentis
422 2626 569 2704 imposuit,
593 2625 722 2704 stipitem
742 2626 898 2702 intentans,
921 2627 1128 2708 ¹⁵elisurusqus

111 2741 147 2782 eo
169 2723 285 2794 victum,
309 2727 340 2780 nl
363 2721 528 2799 prohibitus
551 2727 673 2804 enecta
696 2721 786 2800 Rege.
837 2721 945 2780 Tristis
971 2723 1129 2800 spectaculi

88 2825 232 2878 accentus
255 2835 314 2876 non
333 2816 539 2877 Macedonibus
561 2815 655 2892 modd,
683 2816 735 2876 sed
762 2816 849 2874 etiam
871 2816 1040 2874 Alexandro
1060 2817 1127 2894 fuit,

107 2912 237 2972 maxime
258 2911 328 2989 quia
348 2911 472 2971 Barbari
494 2911 652 2971 affuerant:
673 2911 779 2990 quippe
799 2911 975 2972 celebratam
996 2911 1128 2973 Maccdo-

104 3025 183 3065 num
195 3004 394 3064 fortitudinem
407 3005 444 3062 ad
463 3005 622 3065 ludibrium
634 3005 770 3064 recidisse
789 3005 948 3066 verebatur.
990 3007 1070 3066 Hine
1090 3007 1128 3068 sd

107 3099 344 3162 criminationem
369 3099 534 3159 invidorum
557 3099 703 3176 adapertae
730 3107 798 3159 sunt
826 3121 910 3161 aures
936 3103 1035 3184 Regis.
1086 3103 1128 3164 stt

106 3205 179 3276 post
190 3213 297 3274 paucos
311 3195 374 3254 dies
387 3195 465 3254 inter
478 3193 577 3273 epulas
598 3213 718 3254 aureum
740 3195 875 3274 poculum
889 3198 909 3226 ¹⁶
919 3217 956 3258 ex
968 3200 1127 3278 composito

108 3292 301 3353 subducitur:
322 3290 506 3370 ministrique
519 3289 602 3369 quasi
611 3289 781 3368 amisissent,
794 3291 871 3372 quod
881 3303 1055 3370 amoverant,
1069 3297 1127 3354 Re·

105 3408 177 3468 gem
190 3389 306 3447 adeunt.
350 3386 435 3464 Saepe
457 3385 554 3444 minus
574 3392 619 3444 est
639 3387 809 3448 constantiae
827 3389 859 3448 in
880 3391 898 3418 ¹⁷
906 3391 1019 3464 rubore,
1039 3391 1127 3466 quem

105 3485 141 3544 in
167 3484 260 3561 culpa.
303 3480 472 3559 (ionjectum
492 3480 651 3557 oculorum,
665 3482 770 3562 quibus
791 3491 826 3544 ut
848 3485 897 3544 fur
918 3483 1126 3557 destinabatur,

105 3578 275 3656 Dioxippus
300 3577 377 3636 ferre
403 3595 461 3636 non
488 3575 592 3653 potuit.
635 3575 678 3635 Dt
704 3585 767 3637 edm
793 3578 963 3638 excessisset
985 3575 1126 3652 convivio,

104 3673 219 3734 litteris
241 3671 418 3749 conscriptis,
432 3690 497 3750 quae
517 3670 594 3750 Regi
611 3671 808 3746 redderentur,
822 3673 901 3730 ferro
916 3689 946 3728 se
968 3670 1123 3732 interemit.

104 3767 247 3830 Graviter
259 3773 382 3827 mortem
395 3767 458 3842 ejus
472 3763 544 3824 tulit
556 3765 633 3842 Rex,
647 3767 816 3828 existimans
835 3748 1042 3844 iidignaricnia
1054 3783 1125 3845 esse,
