2622 4382
402 401 527 444 nrann
554 403 609 444 rx.
640 403 725 444 car.
755 403 788 445 x.
1047 387 1107 446 243

103 539 155 598 coti
177 559 214 598 ne
242 539 386 618 respicere
411 539 526 620 quidem
550 561 618 602 suos
641 541 830 618 sustinebant,
856 541 1057 602 misericordis
1083 543 1115 603 in

103 635 281 694 formidinem
294 641 386 697 verse.
429 637 481 696 llli
503 637 599 696 relicti
614 638 711 696 'Deos
733 645 831 714 testes,
846 659 926 698 sacra
945 639 1113 714 communia,

104 729 246 809 Regisquc
266 731 458 809 implorabant
480 751 572 810 opem.
615 732 746 811 (lquue
770 733 880 792 frustra
903 733 1006 794 surdas
1027 751 1112 792 aures

102 825 262 904 fatigarent,
287 826 318 884 in
338 827 447 886 rabiem
472 825 673 905 desperatione
696 828 782 903 versi,
797 847 896 906 parem
920 847 971 888 suo
993 827 1113 902 exitum,

103 920 259 1000 similesque
281 921 354 999 ipsis
378 922 485 981 amicos
509 931 539 982 et
561 923 778 983 contubernales
799 924 999 1002 precabantur.
1048 921 1115 982 Rex

102 1015 193 1076 dolore
215 1017 301 1078 simul
322 1025 352 1076 et
371 1017 480 1095 pudore
502 1019 614 1093 anxius,
629 1019 696 1098 quia
721 1037 806 1078 eausa
827 1026 919 1079 tantae
941 1017 1034 1088 cladis
1054 1019 1114 1096 ipse

101 1119 181 1186 esset,
213 1112 251 1170 ad
282 1113 530 1190 Phrataphernem
557 1114 735 1173 Parthorum
762 1108 914 1192 Satrapem
943 1113 1035 1190 misit,
1064 1109 1114 1192 qui

106 1207 219 1284 juberet
232 1207 350 1268 camelis
371 1215 452 1266 cocta
465 1208 575 1268 ciboria
599 1209 707 1268 afferre.
750 1209 834 1268 Alios
847 1229 960 1287 quoque
981 1208 1114 1266 finitima·

99 1321 159 1361 ram
185 1304 335 1381 regionum
360 1303 522 1379 praefectos,
550 1303 687 1361 certiores
707 1303 908 1361 ’necessitatis
936 1321 996 1362 sune
1022 1303 1113 1362 fecit:

100 1399 168 1456 'nec
188 1405 333 1456 cessatum
358 1405 404 1455 est
423 1397 460 1456 ab
472 1397 526 1456 hir.
568 1397 673 1476 Itaque
693 1399 769 1456 fame
791 1397 934 1455 duntaxat
952 1397 1115 1457 vindicatus

99 1492 250 1567 exercitus,
277 1491 394 1550 tandem
420 1493 451 1550 in
479 1491 628 1552 Gedrosiae
651 1493 722 1550 fines
748 1491 925 1570 perducitur.
979 1491 1116 1552 Omnium

98 1606 194 1647 rerum
208 1588 268 1648 sola
280 1587 387 1646 fertilis
409 1587 489 1668 regio
503 1595 558 1662 est,
572 1588 603 1646 in
615 1591 674 1666 qut
697 1589 803 1647 stativa
822 1587 935 1664 habuit,
949 1593 984 1646 ut
995 1593 1115 1648 vexatos

98 1683 208 1742 milites
229 1683 326 1761 quiete
347 1683 483 1744 firmaret
534 1683 597 1742 Hic
621 1683 744 1742 Laenati
763 1683 877 1742 litteras
908 1683 1023 1762 accipit,
1051 1701 1115 1742 eon·

97 1777 205 1838 dixisse
217 1777 313 1856 ipsum
327 1797 390 1836 oum
404 1785 468 1838 ceto
482 1779 610 1839 millibus
634 1778 775 1856 peditum,
791 1785 821 1837 et
833 1777 998 1858 quingentis
1012 1777 1114 1858 equiti·

96 1873 151 1935 bus
175 1872 334 1949 Oritarum,
358 1893 494 1952 prospero
514 1883 628 1934 eventu.
670 1875 701 1934 A
723 1873 844 1935 Cratero
864 1893 975 1954 quoque
993 1874 1114 1934 nuncius

96 1969 184 2045 venit,
213 1967 350 2030 Orrincm
377 1976 409 2028 et
443 1969 611 2047 Zariaspem
643 1969 755 2029 nobiles
789 1969 897 2029 Persas
923 1968 1113 2029 defectionem

95 2064 247 2123 molientes
260 2083 411 2140 oppressos
425 2083 443 2121 a
456 2083 495 2139 se,
509 2065 541 2122 in
554 2063 677 2124 vinculis
692 2083 762 2123 esse.

158 2163 203 2217 35.
226 2158 389 2235 Praeposito
411 2159 504 2236 igitur
525 2159 636 2236 regioni
659 2158 791 2218 Siburtio
816 2157 951 2236 (namque
978 2156 1115 2217 Memnon

93 2253 258 2314 Praefectus
282 2255 345 2330 ejus
368 2271 460 2330 nuper
483 2253 635 2310 interierat
662 2253 772 2332 morbo)
798 2252 829 2309 in
850 2250 1033 2312 Carmaniam
1052 2251 1115 2330 ipsa

92 2349 242 2428 prooessit.
283 2349 425 2426 Aspastos
438 2355 501 2408 erat
514 2347 651 2425 Satrapes
671 2348 774 2427 gentis,
788 2353 937 2425 suspectus
951 2365 1115 2408 resacrare

92 2444 221 2506 voluisse
235 2443 305 2502 dum
328 2444 361 2502 in
385 2443 473 2502 Indit
493 2443 560 2502 Rex
581 2450 665 2503 esset.
709 2441 803 2513 Quem
815 2449 1019 2518 occurrentem,
1033 2441 1114 2502 dissi·

91 2541 206 2599 mulcta
232 2539 286 2614 ira,
310 2539 431 2599 comiter
457 2539 610 2614 allocutus,
639 2539 709 2598 dum
735 2537 900 2616 exploraret
925 2555 991 2617 quse
1017 2537 1114 2598 delato

91 2643 187 2710 eraut,
201 2635 232 2694 in
255 2635 355 2694 eodem
375 2635 481 2694 honore
503 2634 613 2695 habuit
657 2633 734 2695 com
753 2633 847 2694 Indiae
870 2633 1007 2694 Praefecti
1028 2633 1115 2712 (sicut

89 2731 275 2811 imperatum¹
291 2733 365 2811 erat)
389 2749 534 2810 equorum,
555 2732 804 2808 jumentorumque
825 2729 968 2808 jugalium
993 2727 1054 2787 vim
1073 2729 1114 2786 in-

88 2833 219 2906 gentem,
244 2827 390 2901 exomni,
414 2845 479 2905 quae
503 2825 557 2886 sub
581 2825 704 2903 imperio
726 2832 799 2899 erat,
820 2825 935 2902 regione
957 2823 1114 2899 misissent,

87 2921 201 3002 quibus
215 2919 332 2978 deerant
344 2920 556 2997 impedimenta,
569 2920 710 2980 restituit.
761 2920 856 2978 Arma
868 2937 980 2998 quoque
992 2919 1030 2976 ad
1043 2919 1114 2997 pris-

87 3017 192 3076 cinam
214 3014 413 3077 refectasunt
439 3015 567 3074 cultum:
597 3015 704 3093 quippe
726 3013 804 3075 hand
827 3013 927 3092 procul
953 3033 971 3072 a
994 3013 1114 3074 Perside

86 3113 224 3186 aberant,
248 3129 307 3170 non
329 3115 434 3188 pacate
460 3109 545 3170 modb
570 3110 730 3169 sedetiam
754 3107 897 3186 opulentt.
950 3109 1048 3190 Igitur
1068 3114 1114 3188 (ut

86 3207 184 3286 snpra
198 3206 378 3286 dictumest)
392 3204 546 3265 aemulatas
566 3204 665 3264 Petris
689 3203 789 3266 Liberi
802 3223 858 3263 non
871 3205 993 3284 gloriam
1008 3207 1113 3281 solum,

86 3323 182 3383 quam
211 3322 249 3362 ex
274 3301 336 3361 illis
366 3301 505 3382 gentibus
531 3301 741 3379 deportaverat,
772 3300 824 3361 sed
850 3302 938 3360 etiam
963 3302 1113 3382 insoniam,

86 3398 172 3476 (sive
193 3397 269 3456 illud
288 3396 453 3476 triumphus
466 3397 527 3455 fnit
539 3397 576 3458 ab
589 3415 623 3456 eo
643 3396 769 3474 primdm
791 3395 953 3472 institutus,
967 3397 1028 3456 sive
1050 3395 1114 3453 bao-

85 3493 245 3552 chantium
265 3492 368 3572 lusus),
383 3492 479 3550 animo
499 3511 584 3569 super
597 3491 753 3550 humanum
771 3491 923 3570 fastigium
936 3491 1012 3549 elato
1026 3487 1113 3561 vicos,

84 3605 145 3668 per
158 3605 233 3666 quos
252 3587 310 3646 iter
330 3593 401 3662 erat,
421 3585 539 3647 floribus
563 3585 730 3664 coronisque
750 3585 842 3646 sterni
860 3583 952 3660 jubet
994 3579 1114 3640 Limini-

84 3683 148 3744 bus
162 3682 273 3743 adium
293 3687 419 3740 crateras
431 3681 498 3741 vino
511 3681 645 3758 repletas,
658 3687 689 3740 et
710 3680 768 3740 alia
781 3678 895 3738 eximiae
907 3673 1114 3754 magnitudinis

81 3795 164 3838 vasa
185 3776 307 3853 disponi.
349 3773 493 3833 Vehicula
515 3774 620 3832 deinde
643 3775 826 3845 ”consucta
840 3775 875 3826 ut
895 3768 994 3846 plores
1014 3787 1114 3846 capere

80 3869 206 3931 milites
229 3877 355 3948 possent,
368 3869 400 3930 io
420 3869 671 3930 tabernaculorum
691 3865 808 3926 modum
822 3861 926 3939 ornari,
947 3863 1007 3924 alia
1019 3863 1114 3924 eandi-
