2622 4382
351 379 476 423 urnnn
502 381 536 422 x.
567 381 655 420 car.
687 381 742 422 rx.
996 365 1056 428 W

69 518 195 578 iendam
216 517 341 599 gratiam
362 537 429 578 cum
448 517 599 594 Perdicet,
619 525 674 580 aut
691 518 782 582 armis
808 517 975 581 reundum
993 535 1057 582 oasa

69 615 202 676 ruebant.

92 713 143 767 22.
168 709 261 768 Forte
274 710 317 768 ita
329 707 484 784 acciderat,
492 715 527 766 ut
538 709 589 786 qui
602 709 635 768 in
647 708 726 788 agria
739 715 831 784 erant,
880 709 1057 788 pulutionem

69 804 176 864 larum
189 804 372 882 vicorumque
391 803 487 878 veriti,
508 805 696 883 confugerent
718 803 750 865 in
771 803 892 882 urbem,
912 804 1056 882 oppidani,

69 921 96 956 m
121 900 204 976 ipsos
225 899 365 960 alimenta
387 898 547 974 deficerent,
569 899 640 960 urbe
667 899 855 976 excederent3
886 907 916 961 et
941 899 1057 978 utrique

69 995 134 1054 ueri
147 995 241 1059 tutior
253 994 349 1054 aliena
362 994 455 1069 sedes,
468 995 556 1072 quarn
575 1015 637 1070 ena,
650 995 807 1056 videretur.
850 993 980 1066 Quorum
993 1014 1057 1056 ecn-

69 1091 243 1154 rrnationem
256 1089 429 1150 Macedones
441 1089 538 1165 veriti,
553 1091 585 1150 in
596 1089 707 1168 regiam
720 1096 836 1166 coeunt,
849 1109 968 1170 quaeque
982 1090 1057 1168 ipso·

69 1206 99 1242 m
122 1185 270 1246 sententie
294 1190 378 1258 esset,
402 1190 556 1261 exponunt
608 1185 749 1245 Placebat
772 1192 869 1244 autem
888 1185 999 1264 legatos
1018 1185 1057 1247 ad

69 1279 256 1354 niteamitti,
270 1279 305 1338 de
318 1277 443 1338 finienda
457 1277 611 1354 discordia,
620 1280 764 1357 armisque
776 1279 923 1356 ponendir.
959 1281 1057 1358 Igitur

69 1377 152 1454 Rege
166 1375 283 1452 legatur
296 1373 388 1432 Parae
402 1372 567 1448 Thessalus,
587 1381 617 1433 et
630 1373 765 1434 Amissae
786 1373 1058 1452 Megalopolitanus,

79 1469 226 1530 Perilaus.
268 1466 328 1538 Qui
348 1469 415 1526 eum
434 1467 569 1530 mandata
588 1467 680 1546 Regio
700 1467 879 1545 edidisseut;
901 1487 957 1528 non
972 1469 1058 1530 aliter

69 1565 189 1624 ruituros
202 1581 284 1624 arma
296 1562 416 1642 equites,
429 1564 517 1641 quam
531 1563 557 1622 ei
576 1562 644 1623 Rex
656 1562 808 1624 discordia
821 1571 951 1624 auctores
964 1563 1057 1624 dedie-

70 1667 93 1733 t,
117 1659 213 1718 tulere
235 1676 409 1736 responsum
452 1657 511 1718 Hie
533 1657 717 1734 renunciatis,
742 1663 796 1718 aua
820 1665 921 1736 sponte
947 1659 1057 1720 militen

69 1775 118 1814 ma
140 1753 265 1832 capiunt.
316 1751 446 1823 Quorum
469 1753 596 1812 tumultu
616 1773 632 1812 e
651 1754 733 1834 rogia
757 1755 912 1834 Philippus
934 1756 1056 1832 excitus,

69 1850 183 1926 Nihil,”
196 1848 302 1928 inquit,
317 1852 335 1882 “
346 1848 488 1908 seditione
498 1856 543 1910 eet
557 1868 647 1927 opus:
668 1869 735 1908 uem
748 1849 825 1910 inter
838 1870 869 1912 ae
883 1852 1056 1913 uertentium

69 1945 164 2020 aemio,
185 1946 237 2025 qui
258 1944 430 2024 quieverint,
451 1944 638 2022 occupabunt.
681 1945 775 2006 Simul
795 1953 971 2008 mementote
994 1967 1056 2008 rem

69 2059 100 2101 se
113 2058 181 2098 cum
194 2039 315 2114 uiribus,
329 2038 454 2117 ⁷quibus
468 2057 549 2115 opem
567 2039 671 2116 gratiae
683 2039 741 2098 cito
755 2041 931 2117 abrumpere,
945 2041 983 2100 ad
996 2042 1055 2102 bol·

69 2156 99 2194 m
121 2133 208 2194 civile
228 2133 443 2211 properantium
467 2139 519 2194 eat
561 2134 667 2192 Altero
688 2134 843 2212 legatione,
867 2155 905 2194 an
927 2135 1057 2214 mitigari

69 2228 162 2304 tarint,
176 2227 373 2306 experiamur:
395 2233 426 2286 et
439 2227 535 2301 credo,
549 2227 675 2290 noudum
696 2228 788 2307 Regis
801 2248 919 2308 corpore
932 2231 1054 2312 sepulto,

69 2322 263 2402 [praestanda
283 2322 311 2381 ei
329 2324 410 2400 justa
436 2338 534 2380 omnes
561 2341 622 2382 esee
649 2330 783 2384 coituroa
836 2322 921 2395 Quod
944 2325 982 2384 ed
1009 2345 1055 2388 me

69 2421 150 2494 tinet,
163 2418 284 2478 reddere
296 2417 351 2478 hcc
364 2417 517 2494 imperium
529 2417 616 2494 malo,
629 2421 718 2497 quam
727 2437 858 2478 exeruere
871 2420 979 2482 civium
992 2440 1055 2482 ean·

69 2514 131 2574 rine.
172 2514 214 2574 Et
235 2513 261 2574 oi
281 2513 361 2572 nulle
384 2512 442 2572 alia
464 2512 623 2572 concordiae
645 2531 711 2592 apes
737 2520 791 2590 est,
814 2533 864 2574 oro
888 2535 1053 2596 quaeeoque,

69 2609 138 2688 igite
151 2608 320 2686 potiorem.''
372 2607 493 2670 Obortis
507 2607 611 2666 deinde
625 2608 769 2688 lacrymis,
784 2609 915 2672 diadema
928 2611 1056 2670 detrahit

69 2705 136 2781 rpiti,
159 2704 297 2778 derbem,
320 2707 379 2782 qua
400 2703 433 2762 id
456 2704 583 2778 tenebat,
605 2704 788 2782 protendens,
816 2713 859 2782 ut,
880 2706 907 2764 si
929 2706 996 2785 quie
1024 2725 1055 2766 ee

69 2799 200 2878 igriorem
225 2799 418 2876 profiteretur,
446 2799 598 2877 acciperet
654 2799 806 2878 Ingentem
833 2819 913 2878 apem
938 2801 1055 2877 indolis,

69 2901 109 2952 rte
126 2913 189 2952 eum
209 2893 286 2953 diem
306 2893 407 2953 fratria
420 2894 552 2952 claritate
574 2913 765 2971 suppressam,
787 2913 822 2952 ea
840 2894 989 2956 moderata
1009 2916 1056 2960 ex·

69 2987 146 3048 tavit
158 2987 257 3048 oratio.
299 2987 404 3067 Itaque
418 2989 514 3048 cuncti
533 2989 641 3047 instare
654 2996 811 3066 oeperunt,
825 2995 860 3050 ut
872 3011 936 3070 quae
948 2991 1055 3072 agitis·

69 3091 97 3158 rt,
110 3081 223 3162 exsequi
236 3081 332 3144 vellet.
375 3082 502 3142 Eosdem
515 3101 614 3144 rursus
629 3083 716 3162 legat,
729 3085 881 3162 petituros,
894 3093 928 3146 ut
948 3087 1055 3158 Melea·

69 3199 126 3238 rum
146 3177 265 3240 tertium
277 3178 379 3238 ducem
399 3178 570 3256 acciperent.
612 3178 703 3238 Haud
721 3181 798 3260 agre
819 3181 852 3242 id
871 3182 1056 3261 impetratum

69 3282 96 3332 rt.
137 3272 164 3332 N
167 3292 211 3339 ern
226 3279 257 3332 et
270 3273 412 3334 ebducere
426 3271 605 3352 Meleagrum
617 3273 771 3335 Perdiccae
784 3295 802 3334 a
814 3277 896 3358 Rege
909 3279 1054 3356 cupiebat,

69 3375 76 3423 t
88 3387 172 3426 uuum
185 3367 295 3428 duobus
308 3367 468 3444 ⁸imparom
480 3368 609 3426 futurum
621 3387 683 3428 esse
698 3369 839 3432 censebat.
881 3371 979 3451 Igitur
992 3371 1055 3428 Me-

69 3481 139 3541 agro
152 3479 214 3520 oum
234 3461 375 3542 phalange
395 3462 510 3524 obviam
532 3481 654 3542 egresm
674 3463 827 3525 Perdiccas
847 3465 976 3543 equitum
994 3471 1055 3522 tur·

69 3577 106 3614 ras
119 3555 285 3615 antecedens
299 3556 433 3618 occurrit.
475 3557 638 3637 Utrumque
651 3579 752 3640 agmen
764 3562 868 3618 mutuat
882 3556 1055 3618 salutatione

69 3655 124 3710 rete
136 3659 200 3727 coit,
212 3651 244 3710 in
265 3659 436 3730 perpetuum
451 3653 497 3729 (ut
517 3653 744 3733 arbitrabantur)
765 3651 916 3712 concordia
936 3657 967 3708 et
985 3669 1055 3730 poco

70 3751 164 3806 mata.
529 3791 536 3796 -

108 3842 161 3904 IX.
182 3846 226 3902 23.
250 3841 309 3902 Sed
330 3843 392 3918 jem
412 3843 482 3912 fatis
506 3842 734 3908 admovebantur
755 3839 948 3902 Macedonum
971 3845 1055 3922 genti
