2520 4390
332 325 456 368 arasa
481 327 535 370 ιιι.
564 327 649 370 oar.
677 327 769 370 2111.
1019 309 1059 372 09

78 461 196 544 Meleagri
221 461 267 522 aia
291 463 395 541 aaut,
418 483 504 546 qnam
530 465 657 544 phalam
683 465 872 544 sequebatun
902 471 970 545 post
990 465 1059 545 pha·

76 557 172 636 leugam
191 557 396 637 Argyraspides
420 567 519 638 eraut3
540 559 587 620 his
616 559 743 620 Nicanor
763 560 963 620 Parmenionis
981 560 1061 620 suus

74 659 194 730 praeerat:
212 654 240 712 in
252 653 389 717 subsidiis
408 673 473 714 oum
491 675 578 715 manu
591 659 644 716 sua
659 654 770 716 Graues.
811 656 885 714 Post
892 675 959 716 sum
974 655 1060 716 Ores·

74 753 120 821 tes,
145 747 353 828 Lyncestaeque.
408 749 482 808 Post
509 749 578 808 illos
601 749 804 828 Polysperoou,
831 749 892 810 dux
917 747 1061 828 peregrini

59 841 168 900 militis
203 841 301 919 Hujus
322 842 443 922 agminis
451 838 478 872 ‘¹²
488 843 631 921 Amputos
651 844 784 922 priueeps
802 850 881 904 arat:
908 843 1061 920 Phiiippus

72 935 171 996 Balaori
191 936 331 1018 ”regebat
353 956 411 1013 eos,
438 937 499 996 ”in
525 938 689 998 soeiatatem
716 957 808 1016 nuper
830 937 946 1000 aseitus
988 937 1062 998 Hae

70 1031 152 1090 dextri
170 1051 253 1092 eornu
273 1033 362 1092 iaeies
383 1040 453 1094 orat
496 1033 535 1092 In
554 1033 628 1094 laeuo
643 1032 783 1094 Craterus
801 1031 1062 1111 Peloponnensium

67 1127 164 1204 equites
176 1127 302 1203 habebat,
316 1127 552 1208 Aehaeorumqoe,
566 1136 597 1188 et
610 1129 798 1192 Loerensium
811 1137 842 1187 et
862 1129 988 1203 Maledn,
1001 1134 1063 1186 tur·

65 1222 115 1280 mis
127 1222 178 1284 sibi
199 1223 360 1299 adjuuetis;
380 1223 434 1283 hos
447 1223 579 1284 Thessali
598 1224 710 1302 oqurites
729 1223 910 1298 ol'andsbant,
924 1223 1063 1301 Phiiippo

64 1317 139 1377 duee.
178 1317 312 1376 Peditum
335 1319 412 1378 aeies
435 1319 567 1396 equitatu
589 1318 759 1396 tegebatur:
780 1318 861 1378 frons
886 1317 954 1378 lavi
976 1335 1065 1376 eornu

62 1411 121 1470 haeo
134 1418 199 1471 erat.
239 1411 297 1470 Sed
315 1431 353 1470 ne
374 1411 521 1470 oireumiri
539 1419 637 1490 posset
656 1433 674 1470 n
693 1411 889 1487 multitudiue,
902 1412 1065 1472 ”ultimum

62 1525 158 1584 agmen
169 1505 263 1566 valida
276 1525 362 1566 manu
376 1507 512 1567 cinxerat
556 1505 673 1568 Cornua
689 1527 803 1587 quoque
823 1507 961 1568 subsidiis
974 1507 1064 1568 firma

59 1601 119 1661 vit:
138 1620 192 1659 nou
214 1605 293 1662 reete
315 1602 421 1677 fronte,
443 1602 494 1662 sed
516 1623 534 1660 a
553 1601 645 1661 latere
667 1603 778 1680 positis,
791 1609 834 1678 ut,
854 1603 881 1663 si
900 1603 992 1662 hostis
1011 1603 1064 1662 oir-

56 1696 213 1756 oumvenire
226 1697 315 1758 aoiem
328 1702 479 1772 teutdsset,
488 1705 592 1776 parata
603 1715 709 1778 pugnae
721 1699 822 1760 forent.
864 1697 927 1758 Hie
940 1697 1065 1778 Agriani

54 1799 141 1868 eraut,
160 1793 264 1872 quibus
284 1794 406 1856 Attalus
427 1801 559 1872 praeerat,
581 1794 726 1872 adjunotis
748 1795 906 1874 sagittariis
920 1793 1064 1856 Cretensi·

52 1889 111 1949 bus
152 1889 308 1950 ”Ultimos
329 1889 443 1950 ordines
464 1891 569 1950 evortit
583 1909 601 1948 a
613 1891 717 1966 fronte,
731 1897 870 1950 attotam
890 1891 981 1949 aoiem
994 1889 1064 1950 orbo

49 1985 182 2046 muniret.
223 1985 321 2062 Illyrii
333 1984 486 2060 hiemant,
501 1985 639 2062 adjunoto
658 1985 752 2044 milite
770 1985 903 2044 meroede
915 1985 1062 2044 eondueto.

49 2080 179 2138 Phraoas
199 2099 313 2158 quoque
336 2079 424 2138 simul
446 2079 592 2156 objeoeret
617 2079 722 2140 leviter
749 2087 891 2139 armatos:
911 2079 1065 2158 “adeoque

46 2176 139 2234 aeiem
151 2175 319 2234 uersatilem
336 2175 443 2252 posuit,
457 2181 493 2232 nt
511 2173 563 2252 qui
583 2173 681 2232 ultimi
701 2174 826 2248 stabant,
838 2193 876 2232 ne
889 2173 1066 2234 oironmiren·

46 2277 106 2345 tur,
131 2269 211 2329 verti
238 2275 334 2327 tamen
360 2274 391 2326 et
416 2268 448 2324 iu
469 2267 595 2326 frontem
621 2266 777 2346 oireumegi
796 2275 921 2345 possent
962 2267 1067 2348 Itaque

46 2385 102 2423 uon
124 2363 232 2444 prima,
254 2365 342 2442 quem
362 2362 472 2440 latera;
504 2381 561 2422 non
581 2361 673 2422 latera
691 2362 849 2423 munitiora
867 2363 958 2439 fuere,
978 2366 1066 2444 qndm

46 2468 136 2540 terga.

102 2559 153 2628 53.
177 2555 239 2614 His
262 2554 307 2612 ita
328 2552 470 2614 ordinatis
488 2553 637 2632 praecipit,
649 2559 684 2612 ut
702 2552 729 2612 si
741 2553 863 2614 falcatos
876 2573 978 2615 onrros
998 2575 1065 2614 enm

46 2653 164 2712 ’remitu
187 2650 314 2711 Barbari
335 2649 508 2725 emitterent,
529 2649 596 2728 ipsi,
617 2649 723 2710 laxatis
750 2649 899 2710 ordinibus
925 2651 1065 2728 impetum

46 2743 248 2806 ‚ceurentium
274 2745 391 2806 silentio
422 2743 606 2822 exeiperent:
640 2743 719 2803 hand
752 2744 866 2818 dubius,
893 2743 956 2803 sine
988 2747 1066 2803 noxa

47 2860 277 2915 ranseursuros‚
297 2840 352 2901 ”si
373 2859 456 2898 nemo
479 2858 510 2900 se
534 2845 698 2916 opponeret.
740 2837 793 2898 Sin
813 2844 910 2896 autem
930 2838 992 2898 siue
1010 2839 1067 2898 irs·

46 2937 118 2994 nitu
133 2935 339 3010 immisissent,
352 2953 400 2995 eos
412 2934 470 3012 ipsi
483 2933 607 2994 elamore
626 2940 777 3010 terrerent,
791 2933 965 3013 pavidosque
978 2953 1067 3014 equos

46 3032 106 3090 elis
121 3031 282 3110 utrimque
296 3029 476 3089 suffoderent.
519 3028 579 3100 Qui
591 3029 725 3089 domibus
744 3036 896 3106 preerant,
911 3029 1067 3090 extendere

46 3149 65 3186 a
86 3126 184 3203 jussi,
201 3127 247 3184 ita
266 3132 301 3184 nt
313 3143 366 3184 nee
388 3125 670 3199 circumvenirentur,
685 3123 711 3184 si
725 3129 834 3185 arotius
855 3132 973 3200 starem,
986 3127 1068 3185 ”nee

46 3241 138 3282 amen
168 3221 301 3280 mediam
327 3219 417 3280 aeiem
444 3219 631 3280 exinanirent.
682 3219 891 3298 Impedirnenta
915 3239 982 3280 oum
1004 3239 1068 3296 oap-

46 3317 118 3391 tvis,
134 3317 223 3376 inter
246 3335 319 3395 quos
339 3313 596 3402 materliberique
615 3313 699 3374 Darii
725 3315 969 3390 custodiebantur,
990 3312 1069 3372 hand

46 3412 144 3472 rooul
168 3413 212 3472 ab
235 3412 295 3472 aoie
315 3411 445 3470 inedito
464 3409 538 3470 oolle
558 3411 725 3488 eonstitnit3
746 3411 859 3470 modieo
878 3407 1014 3488 praesidio
1027 3425 1069 3466 re·

46 3514 113 3566 oto.
163 3506 296 3566 Laevum
309 3523 405 3580 eornu,
419 3504 494 3564 siout
508 3503 589 3579 alita,
604 3505 788 3564 Parmenioni
800 3503 939 3562 tuendum
953 3499 1069 3560 datum:

46 3619 94 3658 ›se
112 3599 149 3657 in
177 3600 288 3658 dextro
310 3599 411 3659 stabat.
454 3597 594 3657 Noudrim
613 3598 651 3658 ad
671 3598 725 3656 teli
742 3601 854 3674 J'aotum
872 3599 1070 3671 pervenerant,

46 3698 100 3752 im
117 3694 213 3754 Bion
228 3691 346 3772 quidam
359 3693 520 3771 transfuga,
532 3699 639 3771 quante
660 3691 784 3749 maximo
797 3706 885 3746 oursu
897 3693 1020 3765 poterat,
1035 3687 1072 3748 ad

46 3807 156 3868 ,egem
189 3785 336 3866 pervenit,
363 3787 501 3850 nunoians
527 3785 680 3861 ²⁰mprioas
706 3783 816 3842 ferreos
841 3781 873 3840 in
896 3787 1005 3846 terram
1024 3782 1073 3842 de·
