2600 4394
168 305 202 362 16
327 284 335 294 ’
510 321 821 372 111111111111
902 359 909 364 .

97 451 99 457 ’
167 477 291 538 praeceps
314 477 353 534 se,
368 459 419 518 sed
432 461 600 520 'strenuum
622 460 780 520 remedium
801 461 912 535 afferre,
933 466 1098 540 tantamque
1118 462 1178 522 rim

169 553 260 613 morbi
283 553 398 630 potione
417 555 561 613 medicati
581 555 744 614 levaturum
758 575 819 614 esse
832 556 971 634 promisit.
1015 555 1098 614 Nulli
1117 577 1179 634 pro·

168 647 288 706 missum
310 650 372 724 ejus
394 649 535 726 placebat,
556 657 660 726 praeter
679 650 774 727 ipsum
795 651 897 726 'cujus
918 650 1044 728 periculo
1066 651 1180 728 pollice·

169 739 260 802 batur.
305 741 411 804 Omnia
424 743 528 820 quippe
548 743 674 819 facilius,
689 746 774 821 quem
795 763 914 818 moram,
928 745 1038 822 perpeti
1060 751 1179 822 poterat.

170 836 262 896 Arma
276 842 305 894 et
319 837 393 896 acies
407 838 437 896 in
451 837 540 896 oculis
554 845 652 914 erant3
675 845 704 896 et
717 838 867 898 victoriam
887 839 917 896 in
931 859 963 897 eo
977 839 1100 918 positam
1120 857 1182 898 esse

171 919 375 1006 arbitrabatur,
390 932 415 990 si
438 934 554 992 tantum
578 939 644 990 ante
666 933 748 1010 signe
769 941 845 992 stare
866 935 1026 1010 potuisset:
1048 934 1182 1011 idipsum,

172 1025 249 1103 qudd
269 1033 334 1102 post
357 1025 433 1084 diem
455 1025 575 1084 tertium
594 1027 834 1086 medicamentum
857 1035 1021 1106 sumpturus
1042 1036 1116 1088 esset
1131 1028 1184 1104 (ita

174 1120 250 1178 enim
262 1120 391 1180 medicus
414 1120 602 1200 praedixeratj
613 1123 690 1200 aegre
713 1122 815 1182 ferens.
857 1122 941 1182 Inter
960 1123 1020 1182 haec
1039 1122 1184 1181 aParme

173 1214 258 1273 nione
289 1215 427 1274 fidissimo
462 1216 701 1292 ‘purpuratorum
733 1215 847 1275 litteras
882 1217 993 1295 accipit,
1019 1217 1124 1296 quibus
1158 1215 1185 1274 ei
1223 1273 1226 1280 ,
1284 1198 1291 1223 ’

176 1309 375 1385 denunciabat,
399 1329 435 1369 ne
460 1309 581 1370 salutem
605 1331 686 1370 suam
713 1311 851 1388 Philippo
879 1312 1078 1387 committeret,
1105 1311 1187 1369 millo
1253 1329 1257 1332 ·

176 1403 294 1464 talentis
308 1424 326 1462 a
339 1403 437 1480 Dario,
453 1411 483 1464 et
496 1425 545 1482 spe
558 1405 725 1482 nuptiarum
739 1406 845 1466 sororis
858 1408 921 1484 ejus
934 1425 996 1466 esse
1010 1412 1192 1484 corruptum.¹
1286 1436 1288 1451 ·

178 1499 331 1578 Ingentem
353 1501 446 1558 animo
473 1500 696 1558 sollicitudinem
718 1501 824 1560 litterae
846 1501 1034 1577 incusserant,
1056 1507 1085 1560 et
1110 1499 1188 1578 quic»
1286 1500 1288 1525 ⁸

177 1593 248 1672 quid
272 1594 322 1650 ‘in
334 1601 485 1672 utramque
509 1601 620 1672 partem
644 1602 695 1654 aut
716 1603 818 1671 metus,
841 1604 891 1654 aut
912 1615 978 1673 spes
991 1598 1011 1625 '⁰
1021 1597 1187 1671 subjecerat,

178 1691 290 1764 1111111
312 1687 504 1746 aestimatione
528 1689 675 1764 pensabat.
719 1689 851 1750 “Bibere
872 1689 1073 1767 perseverem?
1100 1695 1141 1763 ut,
1163 1687 1188 1746 si
1292 1733 1296 1751 1

178 1801 320 1840 venenum
340 1781 438 1839 datum
459 1782 554 1857 fuerit,
570 1785 624 1841 ⁷ne
644 1783 788 1842 immerito
811 1784 936 1863 quidem,
959 1778 1097 1862 quicquid
1119 1782 1189 1840 ecci·

568 1859 574 1876 Ι

180 1875 263 1950 derit,
285 1875 412 1935 evenisse
432 1865 590 1936 uideatur?
630 1875 769 1936 Damnem
790 1877 894 1936 medici
915 1876 1023 1936 fidem?
1044 1877 1075 1934 in
1098 1877 1190 1937 taber·
1291 1935 1293 1949 ,

179 1970 282 2028 naculo
296 1989 362 2048 ergo
376 1990 421 2029 me
434 1971 556 2048 opprimi
570 1971 688 2049 patiar?
729 1972 772 2030 At
786 1972 878 2032 satius
892 1979 936 2032 est
950 1971 1045 2030 alieno
1059 1971 1190 2030 memori
1294 1986 1298 2039 «j

180 2063 294 2139 scelere,
316 2065 403 2143 quiam
420 2073 499 2124 metu
521 2067 646 2126 nostro.”
687 2065 747 2126 Diu
767 2067 861 2126 animo
885 2067 915 2125 in
935 2067 1049 2140 diversa
1068 2073 1190 2140 versato,
1295 2052 1298 2096 ³

179 2159 252 2218 nulli
265 2159 336 2238 quid
349 2159 487 2238 scriptum
497 2169 582 2237 esset,
598 2162 746 2238 enunciat3
762 2161 969 2242 epistolamque
983 2161 1079 2241 sigillo
1093 2159 1191 2219 annuli

181 2257 226 2316 sui
240 2257 385 2335 impresse,
399 2257 526 2336 pulvino,
540 2257 588 2316 cui
602 2257 766 2334 incubabat,
781 2258 914 2336 subjecit.

245 2355 288 2411 14.
310 2351 392 2410 Inter
400 2351 453 2412 has
466 2353 655 2430 cogitationes
665 2348 760 2412 bidud
762 2357 926 2432 11111111,
935 2352 1037 2411 illuxit
1050 2371 1067 2409 a
1080 2349 1191 2409 medieo
1266 2343 1268 2346 ’

182 2445 342 2518 destinatus
366 2443 436 2504 dies.
479 2446 520 2504 m
540 2445 590 2502 ille
614 2464 678 2502 cum
700 2447 810 2521 poculo,
830 2449 860 2502 in
879 2445 1191 2522 quornedicamentum
1237 2508 1239 2512 ,

183 2539 316 2612 diluerat,
340 2537 467 2596 intravit.
521 2537 585 2607 Quo
608 2537 671 2596 viso
698 2537 871 2611 Alexander,
898 2537 993 2596 levato
1020 2554 1137 2629 corpore
1163 2540 1193 2597 in

183 2633 320 2708 cubitum,
355 2630 506 2709 epistolam
538 2652 555 2690 a
582 2631 772 2690 Parmenione
804 2630 922 2688 missam
955 2627 1194 2709 sinistrarum

184 2738 294 2806 tenens,
309 2727 414 2805 accipit
435 2727 575 2804 poculum,
589 2733 620 2784 et
635 2725 751 2809 ⁸haurit
771 2724 938 2785 interritus:
959 2732 1022 2784 tum
1042 2727 1191 2803 epistolam

185 2825 352 2901 Philippum
373 2823 468 2902 legere
486 2823 578 2899 jubet,
603 2840 654 2879 nec
678 2809 695 2878 a
718 2821 802 2881 11111
828 2820 951 2899 legentis
976 2821 1067 2879 movit
1087 2821 1192 2897 111111,

184 2927 265 2980 ratus
279 2919 390 2997 aliquas
404 2917 693 2981 ⁰couscientieenotas
701 2916 732 2974 in
745 2916 808 2992 ipso
822 2933 870 2973 ore
883 2933 965 2992 posse
976 2915 1192 2992 deprehendere.

185 3014 242 3074 Ille
256 3013 379 3089 epistola
398 3012 534 3090 perlecti,
548 3011 613 3089 plns
633 3009 847 3090 indignationis,
861 3012 948 3088 quem
967 3009 1082 3088 pavoris
1102 3017 1193 3068 osten·

187 3109 248 3168 dit:
269 3107 460 3185 projectisque
486 3109 506 3136 ¹⁰
515 3107 637 3166 amiculo
658 3113 687 3165 et
708 3105 815 3166 litteris
838 3111 906 3164 ante
930 3104 1054 3162 lectum:
1076 3105 1192 3180 “Rex,’·

187 3201 289 3280 nquit,
305 3205 323 3230 ¹¹
332 3207 349 3236 “
357 3221 466 3280 semper
474 3201 588 3280 quidem
601 3201 721 3278 spiritus
730 3217 810 3260 meus
819 3218 856 3257 cx
865 3199 1048 3277 tepepcndit,
1060 3198 1110 3257 sed
1120 3218 1193 3259 nuno

189 3300 253 3358 1111
268 3297 304 3357 ab
317 3297 374 3356 isto
388 3317 467 3357 sacro
481 3304 511 3356 et
523 3296 681 3357 venerabili
702 3315 750 3354 ore
770 3294 902 3354 trahitur.
945 3293 1061 3354 (11111111
1076 3295 1096 3322 ¹²
1107 3295 1184 3370 parri

187 3393 265 3468 cidii,
287 3391 365 3471 quod
385 3392 458 3450 mihi
480 3392 623 3468 objectum
636 3397 689 3466 est,
709 3397 761 3448 tua
782 3389 859 3448 salus
880 3389 979 3448 diluet
1021 3387 1158 3448 Servatus
1179 3407 1197 3447 a

187 3508 232 3547 me
246 3486 336 3547 vitam
356 3485 428 3544 mihi
450 3485 572 3545 dederis.
616 3483 1197 3562 011,111111111,11111111111111111
1268 3476 1271 3482 ’

187 3583 427 3642 medicamentum
448 3579 558 3658 concipi
572 3579 662 3642 venis.
712 3579 794 3638 Laxa
806 3577 952 3655 paulisper
965 3576 1099 3652 animum,
1113 3595 1197 3660 quem

189 3677 383 3735 sollieitudine
396 3675 599 3752 intempestiva
613 3673 696 3732 amici
709 3673 777 3731 sane
791 3671 896 3746 fideles,
906 3671 956 3728 sed
970 3670 1088 3728 moleste
1103 3669 1196 3728 seduli

189 3771 335 3830 turbant.’'
388 3769 453 3828 Non
467 3787 594 3828 securum
614 3767 699 3825 model
713 3767 852 3839 haecvox,
866 3763 1015 3823 sedetiam
1029 3763 1197 3824 1111111111-
