2600 4394
160 367 200 428 44
505 381 650 428 curaer
673 379 816 422 conrrr

159 521 312 596 acciderat,
340 517 473 580 admovit
527 519 648 578 'Prima
673 539 691 578 e
716 518 906 580 Macedonum
937 517 1069 593 navibus,
1093 517 1174 596 quin
1289 539 1291 586 l

160 615 302 696 queremis
314 613 465 674 velocitate
486 613 560 672 inter
580 620 699 674 caeteras
719 612 855 686 eminens,
869 611 1010 670 occurrit:
1030 631 1120 690 quam
1143 618 1180 669 ut

161 712 333 786 conspexere
355 707 447 786 Tyrii,
460 706 525 768 dnae
538 707 574 766 'e
587 707 700 767 diverso
720 707 751 766 in
771 707 865 765 latera
877 708 940 782 ejus
952 705 1074 766 invectae
1094 712 1176 780 sunt,

161 803 325 882 inquorum
338 803 458 862 alteram
477 801 689 880 quinqueremis
702 801 804 860 cadem
823 802 974 876 concitata,
987 807 1017 860 at
1030 801 1095 878 ipsa
1115 821 1177 860 ros·

162 903 208 957 tro
231 899 289 956 ieta
312 905 364 973 est,
379 905 410 956 et
431 897 513 956 illam
532 895 656 956 invicem
674 897 776 956 tenuit
818 895 945 977 Jamque
965 917 1008 972 ca,
1030 915 1095 974 quae
1116 915 1175 955 non
1236 951 1241 958 .

162 993 329 1067 cohaerebat,
342 992 434 1052 libero
453 990 565 1070 impetn
577 998 685 1066 evecta,
709 991 741 1048 in
760 990 840 1050 aliud
860 991 1074 1071 quinqueremis
1095 991 1175 1050 latus

162 1087 356 1161 invehebatur,
370 1089 438 1144 erim
460 1086 675 1164 opportunitate
696 1086 773 1145 mirei
794 1087 923 1146 triremis
943 1106 959 1144 o
979 1087 1071 1145 classe
1085 1086 1176 1144 Alex-

163 1183 254 1256 andri,
277 1182 309 1240 iu
331 1201 395 1240 eam
418 1181 518 1258 ipsam,
541 1201 608 1260 qnae
628 1180 822 1260 quinqueremi
845 1179 1128 1256 imminebat,‘tanta
1146 1180 1176 1240 ri

162 1277 287 1355 impulsa
308 1283 361 1352 est,
388 1282 423 1336 ut
444 1275 551 1356 Tyrius
570 1276 745 1354 gubernator
764 1276 796 1334 in
815 1295 895 1335 mare
920 1277 1176 1334 'executeretnro

163 1374 258 1452 puppi
310 1373 414 1432 Plures
441 1371 545 1432 deinde
572 1371 764 1431 Macedonum
789 1390 877 1430 naves
902 1372 1116 1449 superveniunt,
1146 1379 1176 1431 et

164 1467 232 1527 Rex
256 1488 366 1546 qnoque
399 1467 517 1542 aderat;
547 1469 616 1523 edm
649 1465 733 1542 Tyrii
759 1467 778 1494 ¹⁶
787 1465 948 1526 inhibentes
973 1485 1076 1541 remos,
1099 1469 1175 1547 aegri

165 1563 184 1590 ¹¹
194 1561 318 1620 evellere
330 1580 431 1620 navem
444 1581 510 1638 quae
522 1559 658 1633 haerebat,
671 1566 841 1638 portumque
855 1560 950 1618 omnia
964 1559 1049 1619 simul
1061 1563 1177 1642 navigia

164 1661 306 1732 repetunt.
362 1652 521 1713 Confestim
541 1652 609 1711 Rex
629 1653 774 1712 insecutus
796 1661 911 1731 portum
931 1655 1048 1733 quidem
1066 1657 1177 1718 intrare

164 1768 223 1808 non
243 1747 350 1825 potnit,
372 1747 441 1804 edm
462 1746 561 1824 procul
580 1766 596 1804 e
616 1747 709 1806 muris
727 1748 888 1809 missilibus
911 1749 930 1779 ¹¹
940 1750 1177 1812 submoveretur:

164 1861 252 1904 naves
265 1849 361 1900 antem
374 1860 472 1900 omnes
484 1841 545 1899 ferd
558 1848 609 1900 ant
621 1841 729 1917 mersit,
744 1849 795 1901 ant
807 1844 890 1921 oepit.

230 1940 273 1996 18.
308 1935 405 1994 Biduo
426 1933 531 1994 deindd
557 1935 595 1994 ad
613 1936 740 2014 quietem
769 1938 838 1996 dato
859 1938 1009 2015 militibus,
1033 1942 1180 2022 jussisque

166 2039 197 2092 et
210 2031 330 2090 classem
353 2037 383 2089 et
404 2031 551 2089 machinas
570 2031 681 2109 pariter
700 2031 858 2107 admovere,
871 2041 906 2092 nt
925 2035 1052 2113 nudique
1067 2039 1179 2098 territis

165 2128 295 2204 instaret,
308 2127 371 2206 ipse
393 2127 423 2186 in
437 2126 607 2186 altissimam
627 2127 731 2186 turrim
751 2129 899 2206 ascendit,
923 2130 1061 2210 l'ingenti
1074 2133 1178 2210 animo,

165 2224 291 2303 periculo
314 2225 438 2301 majore:
458 2222 564 2302 quippe
586 2223 604 2252 ¹⁴
613 2223 692 2302 regio
714 2206 830 2302 insigni,
844 2231 875 2282 et
894 2225 981 2283 armis
1000 2226 1180 2306 fulgentibus

166 2321 344 2398 conspicuus,
363 2337 439 2377 unns
462 2319 605 2396 precipuo
628 2319 696 2376 telis
717 2318 875 2396 petebatur,
897 2327 926 2378 et
949 2319 1038 2400 digna
1059 2326 1180 2398 proteris
1233 2329 1236 2333 ’

167 2414 330 2490 spectaculo
353 2413 464 2470 edidit:
485 2413 592 2470 multos
605 2431 621 2470 e
634 2412 727 2470 muris
748 2421 960 2493 propugnantes
978 2416 1065 2475 basta
1086 2424 1180 2478 trans-

166 2508 240 2580 lixit,
252 2505 390 2583 quosdam
410 2505 499 2563 etiam
521 2503 653 2563 cominds
673 2505 771 2584 gladio
785 2507 939 2588 clypeoque
958 2509 1095 2588 impulsos
1107 2533 1180 2590 pree·

168 2599 319 2678 cipitavit:
338 2597 444 2676 qnippd
457 2597 558 2673 turris,
569 2617 605 2656 ex
617 2604 676 2677 qna
689 2599 853 2677 dimicabat,
866 2605 956 2662 muris
976 2604 1101 2665 bostium
1114 2628 1180 2686 pro·

167 2694 324 2775 pemoddm
346 2692 513 2752 oobaerebat.
555 2691 690 2773 Jamque,
715 2695 850 2756 ¹⁵crebris
872 2699 1012 2760 arietibus
1039 2721 1177 2763 saxorum

168 2810 302 2870 compage
324 2789 431 2863 laxata,
455 2787 632 2846 munimenta
655 2790 824 2866 defecerant,
849 2799 880 2850 et
902 2793 1000 2852 elassis
1020 2795 1181 2857 intraverat

167 2891 292 2963 portum,
320 2889 351 2940 et
376 2881 493 2961 quidam
516 2881 708 2941 Macedonum
734 2884 765 2942 in
788 2892 883 2944 turres
904 2886 1029 2947 bostium
1051 2889 1181 2952 desertas

168 2983 335 3038 evaserant:
356 2980 421 3034 olm
443 2976 535 3054 Tyrii,
549 2983 595 3035 tot
616 2975 703 3036 simul
722 2977 899 3056 malisvioti,
913 2981 965 3040 alii
987 2983 1127 3060 supplices
1147 2985 1180 3046 in

168 3070 279 3147 templa
300 3070 476 3148 confugiunt,
496 3070 546 3130 elii
569 3071 680 3132 foribus
701 3071 808 3132 aedium
835 3074 983 3152 obseratis,
1012 3079 1181 3158 ¹‘occupant

168 3165 292 3228 liberum
316 3163 419 3223 mortis
446 3163 613 3244 arbitrinm3
634 3167 766 3226 nonnulli
792 3175 880 3228 ruunt
902 3170 934 3228 in
956 3170 1078 3248 hostem,
1101 3175 1180 3234 hand

168 3260 261 3320 inulti
274 3265 371 3318 tamen
383 3258 516 3336 perituri
571 3259 680 3341 Magna
700 3281 768 3340 pars
788 3281 899 3323 summa
916 3271 1059 3326 tectorum
1073 3269 1181 3329 obtine-

168 3355 228 3431 bat,
260 3373 338 3428 saxa,
371 3359 402 3411 et
433 3352 575 3432 quidquid
606 3356 739 3416 manibus
771 3358 831 3418 fors
863 3357 990 3436 dederat,
1016 3361 1181 3442 ingerentes

150 3439 364 3510 'summutas
406 3445 580 3522 Alexander,
595 3450 722 3526 exceptis
741 3451 791 3529 qni
812 3452 844 3510 in
862 3454 970 3532 templa
982 3455 1180 3536 confugerant,
1276 3447 1277 3453 ¹

169 3563 267 3604 omnes
278 3541 409 3618 interfici,
423 3540 573 3620 ignemque
582 3545 666 3602 tectis
676 3545 756 3622 injici
767 3547 859 3622 jubet
900 3547 958 3607 His
971 3567 1023 3627 per
1034 3570 1180 3627 praecones

168 3639 374 3717 pronunciatis,
389 3639 408 3668 ¹¹
417 3655 500 3697 nemo
521 3645 619 3697 tamen
641 3648 769 3700 armatus
782 3661 864 3720 opem
877 3663 895 3701 a
907 3642 973 3702 Diis
985 3652 1082 3722 petere
1096 3648 1180 3706 susti·
1274 3643 1275 3654 ’

168 3731 241 3792 nuit.
282 3733 371 3793 Pueri
385 3733 568 3813 virginesque
589 3735 698 3814 templa
717 3736 948 3815 compleverant:
969 3739 1027 3798 viri
1046 3741 1077 3799 in
1095 3742 1180 3802 vcsti-

168 3826 238 3892 bulo
263 3843 379 3888 sumum
409 3827 529 3909 quisque
554 3829 660 3891 aedinm
685 3831 808 3908 stabant,
834 3839 937 3911 parata
969 3831 1180 3897 ¹⁸saevientibus
