2520 4390
183 375 224 434 66
530 387 670 440 ournrr
695 387 838 430 curru

182 531 299 610 quidem
311 529 356 588 rei
366 527 472 588 faciem
479 545 538 588 non
549 525 691 588 abstulit:
710 528 849 588 eeterdm
857 525 1002 605 agminum
1014 525 1199 603 d'mcrimina,

182 633 267 704 atque
293 625 430 698 ordinem,
456 623 606 702 prohibuit
630 622 762 701 perspici.
816 622 977 682 Multitudo
1002 622 1200 685 inundaverat

182 737 311 797 cemp0s;
345 720 536 799 fremitmque
566 725 613 778 tot
637 717 769 792 millium,
797 717 886 776 etism
917 717 1018 794 procul
1051 722 1198 780 stantium

183 833 266 874 eures
295 815 470 894 impleverat
526 812 676 873 Fluctuari
701 813 797 871 enimc
828 813 903 887 Rex,
927 819 958 870 et
983 813 1071 872 medd
1100 834 1196 891 sunm,

181 911 266 970 modd
288 910 486 971 Parmenionis
507 908 656 968 consilium
676 909 768 967 ”sere
790 907 986 967 {estimatione
998 911 1196 986 perpendere:

181 1005 289 1084 quippe
302 1007 337 1064 ed
349 1012 466 1065 ventum
485 1010 555 1078 erat,
568 1003 647 1062 unde
659 1001 750 1082 recipi
768 1002 922 1078 exereitus,
934 1003 993 1062 nisi
1004 1004 1108 1080 victor,
1131 1007 1198 1065 sine

180 1099 270 1174 clade,
293 1119 351 1160 non
376 1105 479 1178 posset
520 1099 624 1177 Itsque
641 1097 830 1184 ¹diaeimulsto
848 1117 962 1175 psvore,
981 1101 1197 1162 mercenarium

180 1195 307 1273 equitem
324 1213 363 1276 ex
386 1195 506 1255 Pseonie
525 1193 683 1272 prwedere
700 1193 792 1270 jubet
832 1192 901 1270 Ipse
920 1193 1103 1273 phalangem,
1118 1199 1197 1255 sicut

180 1291 267 1348 untes
281 1290 390 1350 dietum
404 1297 456 1365 est,
469 1291 502 1350 iu
514 1290 571 1348 duo
586 1307 692 1348 cornua
711 1287 887 1347 extenderat.
928 1288 1091 1367 Utrumque
1104 1311 1196 1351 cornu

180 1385 290 1464 equites
317 1387 461 1466 tegebant.
516 1385 642 1463 Jamque
667 1382 786 1442 nitidior
811 1382 872 1456 lux,
899 1382 1031 1441 discussi
1055 1384 1193 1464 caligine,

180 1480 271 1540 eciem
297 1481 423 1540 hostium
451 1480 632 1540 ostenderet:
665 1484 696 1536 et
728 1477 908 1552 Macedones,
935 1477 997 1536 sire
1028 1478 1192 1556 alacritate,

181 1575 272 1636 ''sive
293 1575 382 1634 taedio
404 1574 633 1652 exspectationis,
654 1572 801 1651 ingentem
821 1572 1011 1651 pugnantium
1029 1591 1113 1634 more
1133 1577 1193 1636 edi-
1256 1611 1257 1620 κ

180 1669 249 1726 ders
262 1669 425 1726 clamorem.
467 1667 613 1726 Redditus
626 1672 656 1724 et
675 1685 694 1724 a
712 1665 820 1740 Persis,
840 1685 957 1725 nemore
969 1667 1117 1746 vallesque
1138 1671 1193 1730 eir·

179 1765 334 1839 cumjeotas
347 1761 473 1821 terribili
486 1780 555 1820 sono
567 1761 744 1838 impleverat
786 1761 849 1821 Nee
860 1762 1074 1838 jamcontineri
1095 1766 1192 1826 Mece-
1249 1819 1257 1840 ,

179 1857 267 1916 dones
288 1863 429 1935 poterant,
443 1858 512 1934 quin
526 1857 640 1915 ¹⁰eursu
659 1875 770 1936 qnoque
789 1856 828 1915 sd
847 1857 958 1918 hostem
976 1859 1189 1922 contenderent
1251 1904 1252 1913 η

179 1950 290 2012 Melids
317 1951 414 2010 adhdo
433 1959 515 2010 retus
533 1951 701 2010 Alexander
713 1952 745 2010 in
764 1951 863 2011 eodem
882 1952 994 2012 tumulo
1014 1962 1112 2014 cestra
1131 1977 1190 2016 mu·

177 2047 249 2124 nire,
262 2047 398 2108 ¹'utillum
416 2047 476 2124 jeci
494 2047 599 2124 jussit:
620 2053 792 2124 strenueque
804 2063 888 2124 opere
901 2049 1036 2124 periodo,
1050 2049 1082 2108 in
1096 2051 1190 2112 taber·

177 2144 318 2220 nequitum,
332 2163 437 2223 exque
451 2149 513 2202 tote
525 2142 602 2201 acies
614 2141 741 2201 hostium
754 2141 988 2218 conspiciebatur,
1001 2147 1130 2206 secessit

237 2239 333 2301 XIII.
357 2243 403 2300 49.
426 2242 435 2270 ¹
446 2239 521 2298 Tum
534 2239 603 2299 verd
615 2239 752 2297 universe
761 2237 854 2296 futuri
867 2237 1044 2298 discriminis
1057 2241 1149 2302 facies
1160 2243 1190 2302 in

178 2339 270 2396 oculis
291 2343 362 2396 eret,
404 2335 506 2394 Armis
527 2333 690 2413 insignibus
712 2333 780 2411 equi
792 2333 906 2412 virique
927 2335 1138 2415 splendebant3
1161 2347 1190 2398 et

178 2432 274 2491 omnis
286 2431 442 2488 intentiore
456 2433 526 2487 oure
539 2429 694 2506 praeparari
704 2427 783 2504 apud
795 2427 918 2505 hostem,
929 2429 1095 2490 sollicitudo
1112 2433 1189 2494 Prae
1256 2459 1257 2504 ;

178 2535 275 2586 torum
295 2524 409 2602 agmine
423 2541 476 2580 sue
488 2522 759 2600 interequitantium
778 2523 963 2600 ostendsbst3
986 2543 1021 2584 uc
1032 2525 1189 2608 'pleraque
1256 2521 1257 2562 l

179 2620 283 2694 inania,
298 2619 375 2677 sicut
398 2616 532 2674 fremitus
555 2616 712 2690 homiuum,
727 2635 864 2695 equorum
887 2618 1027 2694 hinnitus,
1042 2641 1190 2682 armorum

178 2713 413 2772 internitentium
426 2710 533 2790 fulgor,
549 2709 705 2769 sollicitem
719 2711 933 2789 exspectatione
952 2721 1078 2774 mentem
1091 2719 1190 2778 turbs·
1256 2717 1257 2790 i

178 2816 287 2869 verunt.
329 2808 455 2886 'Igitur
470 2806 531 2866 sire
545 2805 652 2866 dubius
672 2806 769 2880 enimi,
782 2807 845 2866 sive
858 2813 893 2864 ut
905 2825 974 2868 suos
993 2811 1188 2887 experiretur,
1256 2819 1257 2880 ξ

179 2905 329 2963 eonsilium
343 2904 470 2978 adhibet,
484 2901 555 2982 quid
568 2903 710 2980 optimum
722 2903 802 2960 factu
815 2909 900 2976 esset,
913 2903 1074 2982 exquirens.
1119 2907 1189 2966 Per·

178 2999 281 3072 menio,
292 3000 486 3076 peritissimus
500 3000 577 3058 inter
587 2999 675 3056 duces
689 2997 795 3055 artium
809 2995 888 3072 belli,
902 2997 1008 3073 ‘hirto
1019 3017 1077 3058 non
1087 3002 1189 3078 praelio

180 3111 252 3170 opus
266 3106 328 3150 esse
342 3093 493 3152 censebat:
513 3093 705 3170 'intempeste
727 3098 810 3150 noete
823 3109 909 3169 posse
930 3093 1054 3170 opprimi
1072 3093 1189 3156 hostes:

180 3187 327 3245 discordes
341 3187 479 3260 moribus,
490 3187 607 3266 linguis,
618 3187 656 3246 ed
669 3187 731 3246 haec
745 3194 776 3244 et
790 3205 890 3246 somno
903 3195 934 3246 et
947 3188 1104 3265 improviso
1117 3191 1191 3268 peri·

180 3279 245 3340 eulo
266 3279 392 3354 territos,
405 3280 520 3358 qusndd
534 3281 564 3338 in
577 3284 718 3340 nocturne
739 3280 932 3358 trepidatione
953 3283 1105 3341 coituros?
1147 3285 1191 3344 At

100 3375 102 3382 '
180 3373 309 3434 interdid
322 3373 450 3450 primdrn
463 3373 608 3432 terribiles
621 3392 791 3434 occursuras
810 3373 899 3434 iacies
915 3374 1100 3452 Scytharum,
1116 3376 1188 3436 Bac·

180 3469 404 3547 trisnorumque.
448 3467 539 3526 Hirta
552 3467 615 3526 illis
627 3487 686 3542 ore,
698 3475 728 3527 et
740 3469 871 3528 intonsas
884 3487 980 3528 eomas
994 3487 1066 3528 esse.
1110 3470 1189 3530 Prae·

179 3566 260 3624 teret
282 3565 418 3624 eximium
437 3570 585 3624 vestorum
607 3564 836 3642 magnitudinem
858 3582 1026 3642 corporum:
1054 3564 1141 3624 vanis
1161 3574 1192 3624 et

179 3659 313 3718 inanibus
327 3659 449 3717 militem
462 3657 563 3735 magis,
574 3658 663 3734 quern
674 3657 763 3734 justis
776 3657 940 3717 formidinis
954 3658 1048 3716 censis
1061 3660 1191 3718 moveri:

180 3752 293 3829 deiude,
307 3761 418 3814 tantum
437 3751 654 3812 multitudinem
674 3753 867 3812 circumfundi
880 3753 1067 3831 paucioribus
1087 3771 1190 3830 posse:

180 3845 282 3908 nonin
296 3845 408 3908 Oihcioe
432 3849 584 3928 sngtrstiis,
598 3855 629 3908 et
647 3847 734 3908 iuriis
756 3847 888 3924 ouilibus,
903 3849 955 3908 sed
979 3849 1010 3908 in
1033 3851 1138 3927 aperit
1163 3857 1193 3912 et
