2600 4394
178 334 218 392 36
525 348 663 398 ouznrr
690 349 831 390 suarii

177 485 299 560 Pelusii,
314 485 476 562 Memphim
489 485 586 564 copies
599 487 760 564 promovit:
782 485 820 546 ad
833 488 916 564 cujus
925 486 1030 546 famam
1041 485 1188 566 AEgyptii,

110 655 116 663 ι
176 597 251 640 rana
272 598 354 656 gens,
369 586 399 637 et
412 580 552 640 novandis
576 581 664 658 qndm
686 581 820 659 gerendis
844 580 939 658 aptior
958 579 1053 655 rebus,
1069 601 1106 640 ex
1126 581 1189 642 suis
1276 661 1277 664 Ἴ

176 674 299 753 quisque
313 675 385 732 vicis
409 673 586 752 urbibusque
599 675 619 702 ⁴⁰
628 674 679 752 [ad
693 675 747 734 boo
767 674 875 752 ipsum]
890 682 1073 749 concurrunt,
1087 675 1125 734 ad
1141 677 1188 734 ds·
1276 667 1277 690 l

177 768 263 828 lenda
283 769 419 848 praesidia
439 767 613 841 Persarum:¹
634 769 685 847 qui
699 769 805 842 territi,
819 776 916 828 tamen
937 789 1016 846 spem
1040 769 1187 830 retinendi

178 862 343 942 AElgyptum
363 882 420 922 non
434 864 601 924 amiserunt
644 863 703 924 Sed
724 882 773 922 eos
787 863 942 940 Amyntas,
956 863 1056 940 praelio
1070 883 1187 942 snpera-

176 963 231 1033 tos‚
245 958 276 1016 in
289 957 391 1018 urbem
405 957 562 1037 compellit,
575 957 594 986 ⁴¹
603 958 763 1036 castrisque
783 957 894 1035 positis,
909 958 1032 1017 victores
1046 958 1084 1018 ad
1096 979 1187 1038 popu·
1276 957 1277 1006 Ὗ

175 1050 278 1112 landos
286 1071 379 1129 agros,
388 1051 469 1112 velut
477 1052 508 1110 in
516 1052 610 1110 medio
619 1052 722 1130 positis
731 1052 859 1110 hostium
867 1053 1184 1131 cunctis,vegabantur.

141 1197 145 1208 .
176 1145 281 1225 Itaque
306 1147 447 1220 Mazaces,
471 1148 637 1226 quanqndm
663 1146 774 1205 infelici
799 1145 900 1223 praelio
927 1165 1046 1204 suorum
1073 1147 1186 1207 animos

175 1241 292 1303 territos
313 1261 376 1302 esse
396 1249 577 1320 cognoverat,
590 1250 687 1300 tamen
707 1241 837 1318 palantes
855 1247 885 1298 et
897 1239 917 1268 ⁴²
926 1239 1057 1302 victoriae
1076 1242 1186 1302 fiducia

175 1337 307 1396 incautos
328 1343 484 1412 ostentans,
499 1337 636 1415 perpulit,
650 1357 687 1395 ne
702 1336 869 1396 dubitarent
882 1355 919 1394 ex
933 1337 1003 1394 urbe
1023 1356 1186 1414 erumpere,

175 1439 205 1492 et
219 1453 266 1492 res
281 1434 401 1492 amissas
421 1451 598 1510 recuperare.
641 1431 680 1490 Id
694 1431 845 1490 consilium
859 1450 916 1490 non
929 1431 1040 1509 ratione
1060 1434 1185 1508 pruden-

175 1527 245 1601 tius,
259 1529 347 1604 quim
368 1540 481 1585 eventu.
492 1527 604 1584 felicius
624 1525 690 1584 fuit.
734 1525 785 1584 Ad
798 1545 888 1584 unum
912 1543 1009 1584 omnes
1033 1545 1099 1584 eum
1119 1527 1185 1604 ipso

175 1620 248 1678 duce
272 1619 360 1678 occisi
384 1627 459 1677 sunt.
503 1619 569 1676 Has
589 1638 688 1696 poenas
702 1620 847 1696 Amyntas
867 1621 986 1698 utrique
1000 1620 1077 1699 Regi
1092 1621 1185 1697 dedit,

174 1713 361 1792 nihilomagis
375 1713 393 1740 ⁴³
403 1713 430 1770 ei
443 1713 481 1770 ad
497 1733 583 1791 quem
608 1713 803 1790 transfugeret
825 1715 909 1790 fidus,
922 1717 1009 1793 quam
1030 1715 1083 1790 illi,
1099 1737 1187 1795 quem

176 1807 351 1868 deseruerat.

235 1907 261 1962 6.
283 1902 368 1962 Darii
392 1901 545 1977 Praetores,
573 1903 622 1982 qui
645 1903 745 1980 praelio
772 1903 848 1981 apud
872 1903 956 1964 Isson
975 1905 1186 1982 superfuerant,

173 2017 238 2056 cum
262 1997 339 2056 omni
361 2017 455 2071 manu,
469 2017 533 2076 quae
545 1997 690 2075 fugientes
714 2006 811 2056 secuta
833 2005 905 2074 erat,
925 2004 1072 2076 assumpta
1097 2001 1187 2060 etiam

176 2091 379 2172 Cappadocum
397 2098 427 2152 et
453 2092 670 2170 Paphlagonum
689 2094 851 2169 juventute,
872 2092 998 2171 Lydiam·
1018 2113 1187 2172 recuperare

173 2189 332 2250 tentabant.
382 2187 548 2267 Antigonus
572 2187 687 2246 Praetor
713 2187 874 2246 Alexandri
907 2185 1010 2264 Lydiae
1042 2199 1185 2264 praerat:

172 2284 232 2363 qni,
246 2304 407 2362 quanquam
419 2283 569 2360 ploretque
582 2281 707 2340 militum
721 2301 757 2339 ex
770 2281 913 2358 praesidiis
926 2281 963 2340 ad
977 2281 1086 2361 Regem
1101 2285 1186 2342 dimi-

173 2385 260 2451 serat,
274 2385 372 2436 tamen
394 2377 534 2435 Barbaria
557 2375 661 2451 spretis
681 2377 711 2433 in
731 2375 823 2434 aciem
844 2395 910 2434 suos
925 2375 1031 2436 eduxit.
1073 2377 1186 2437 Eadem

172 2470 234 2528 illic
247 2489 358 2548 quoqne
372 2470 487 2526 fortuna
509 2469 637 2544 partium
656 2468 721 2527 fuit.
765 2469 871 2529 Tribus
894 2470 1002 2547 praeliis
1022 2471 1082 2529 alia
1095 2479 1186 2550 atque

172 2562 231 2622 alia
254 2562 369 2639 regione
393 2561 560 2634 commissis,
584 2561 682 2620 Persae
705 2561 871 2622 funduntur.
921 2563 1032 2622 Eodem
1055 2573 1186 2642 tempore

172 2656 272 2718 classis
294 2653 483 2716 Macedonum
506 2673 542 2712 ex
564 2653 679 2715 Graecia
701 2656 802 2730 accita,
826 2657 1047 2734 Aristomenem,
1074 2661 1125 2738 qni
1145 2662 1187 2719 ad

174 2750 357 2828 Hellesponti
382 2769 461 2808 oram
484 2749 706 2826 recuperandam
725 2771 742 2808 a
762 2750 851 2810 Dario
872 2758 933 2809 erat
955 2753 1069 2827 missus,
1090 2755 1187 2830 captis

173 2849 236 2924 ejus
250 2852 299 2904 aut
313 2844 450 2904 demersis
471 2843 602 2918 navibus,
618 2852 742 2922 superat.
792 2846 822 2904 A
836 2845 960 2906 Milesiis
974 2846 1077 2904 deinde
1092 2847 1186 2909 Phar-

172 2941 298 3000 nabazus
321 2939 501 3016 “praefectus
524 2939 651 2999 Persicae
673 2937 773 2998 classis
785 2940 907 3016 pecunia
929 2947 1040 3016 exacti,
1062 2949 1092 3000 et
1112 2963 1186 3021 praa

173 3035 248 3094 sidio
268 3034 299 3092 in
319 3034 418 3094 urbem
447 3033 553 3094 (lhium
573 3034 744 3110 introducto,
760 3042 876 3093 eentum
895 3035 1015 3096 navibus
1036 3037 1185 3116 Andrum,

173 3136 203 3188 ct
216 3129 282 3188 inde
298 3127 446 3207 Syphnum
458 3129 563 3206 petiit:
584 3148 632 3187 eoa
645 3149 756 3208 qnoque
777 3129 886 3187 insulas
898 3129 1042 3206 praesidiis
1055 3141 1185 3210 occupat,

172 3222 295 3303 pecunie
321 3221 448 3282 mulctat.
499 3221 670 3300 Magnitudo
695 3222 764 3284 belli
789 3221 867 3302 quod
894 3223 931 3283 ab
952 3225 1186 3302 opulentissimis

173 3319 298 3396 Europa
314 3316 447 3394 Asiaeque
465 3316 580 3394 regibus
599 3317 630 3376 in
649 3336 727 3394 spem
740 3319 831 3378 totius
845 3318 921 3378 orbis
934 3320 1091 3398 occupandi
1103 3340 1185 3400 gere-

172 3413 265 3489 batur,
293 3410 413 3472 Gracia
438 3417 606 3489 quoquest
633 3409 729 3470 Cretae
755 3431 834 3470 arma
856 3417 1053 3474 commoverat
1107 3401 1186 3491 Agis

174 3505 454 3566 Lacedaemoniorum
468 3503 542 3578 Rex,
557 3510 621 3562 octo
633 3504 762 3568 millibus
776 3504 951 3580 Graecorum,
965 3507 1063 3584 quiex
1077 3504 1187 3566 cilicia

173 3601 287 3680 profugi
300 3601 398 3659 domos
418 3598 599 3675 repetierunt,
614 3599 775 3672 contractis,
789 3599 898 3659 bellum
918 3599 1076 3678 Antipatro
1090 3601 1189 3660 Mace-

174 3698 267 3757 doniae
290 3699 423 3774 praefecto
446 3695 625 3756 moliebatur.
666 3696 686 3722 ⁴⁶
695 3695 846 3756 Cretenses
869 3697 922 3756 has
936 3705 987 3754 aut
1007 3698 1074 3757 illas
1087 3706 1190 3776 partes

174 3789 272 3865 secuti,
286 3809 361 3848 nunc
376 3791 591 3868 Spartanorum,
605 3809 680 3848 nunc
700 3789 891 3850 Macedonum
910 3791 1055 3870 praesidiis
1068 3810 1190 3870 occupa-
