2520 4390
325 385 449 428 niusa
477 385 549 428 vir.
580 387 667 430 oar.
698 387 743 430 11.
987 371 1041 430 ue

28 543 94 604 eeps
108 525 186 584 enim
201 524 308 584 missen
321 523 452 586 estinter
465 524 640 586 retinentem
658 533 690 586 et
709 525 881 605 exigentem,
893 525 951 586 nisi
962 525 1042 604 qudd

27 621 130 680 melior
144 627 190 678 est
204 637 288 678 eausa
301 639 382 678 suum
402 637 460 678 non
473 619 626 696 tradentis,
639 624 728 700 quam
747 621 889 698 posoentis
907 621 1040 682 alienum.

30 714 190 789 Caeterum,
212 715 288 790 Rex,
311 733 397 792 equos
416 713 513 774 deoem
534 715 630 792 habui,
650 733 667 776 e
685 716 768 795 queis
780 715 963 793 Antiphanes
976 722 1042 776 outo

34 812 97 885 jam
110 809 297 870 distribuerat
314 809 361 885 iis,
382 809 434 888 qui
453 809 610 870 amiserant
629 829 704 871 suos
748 809 873 872 Omninb
887 809 961 870 duos
979 811 1042 888 ipso

27 903 188 964 habebam:
208 923 280 983 quos
293 908 358 965 oum
370 904 460 965 vallet
472 904 612 966 abduoere
620 905 706 964 bomo
718 903 952 982 superbissimus,
962 907 1041 964 uerte

27 997 231 1075 iniquissime,
253 998 312 1058 nisi
341 999 428 1076 pedes
454 998 581 1059 militare
613 999 725 1076 vellem,
759 999 885 1058 retinere
911 999 1038 1078 cogebar.

26 1093 119 1151 ”Neo
141 1093 249 1152 infitias
271 1112 315 1168 eo,
337 1093 422 1154 liberi
442 1093 567 1154 hominis
588 1094 682 1154 enimn
695 1093 826 1154 loentum
838 1113 902 1154 esse
915 1113 1041 1154 meeum

25 1187 221 1264 ignavissimo,
243 1195 273 1246 et
286 1187 305 1217 ⁸⁰
315 1187 369 1245 boo
392 1207 480 1246 uuum
500 1188 615 1248 militias
631 1207 690 1248 suae
701 1196 866 1266 usurpante,
879 1195 914 1248 ut
932 1189 1041 1248 alienos

25 1301 111 1359 equos
125 1282 301 1361 pugnaturis
314 1282 477 1343 distribuat.
519 1282 587 1342 Huo
600 1283 676 1342 enim
695 1283 836 1342 malorum
856 1290 974 1342 rentum
986 1290 1040 1358 est,

23 1383 56 1434 ut
69 1378 160 1437 verba
172 1397 238 1436 mea
250 1376 350 1436 eodem
369 1383 496 1454 tempore
517 1383 547 1436 et
559 1376 728 1436 Alexandro
749 1395 890 1452 mousom,
911 1384 941 1436 et
955 1377 1041 1436 Anti·

23 1471 142 1548 phanip

86 1569 103 1598 “
117 1565 171 1639 Ae,
186 1565 314 1639 berenle,
329 1571 422 1626 mater
436 1565 473 1626 de
486 1565 570 1626 nobis
589 1564 715 1624 iuimiois
735 1568 794 1624 tuis
809 1566 934 1645 seripsit.
977 1566 1042 1628 Uti·

22 1680 89 1718 nam
104 1660 279 1737 prudentius
293 1669 370 1720 esset
384 1660 509 1720 sollicita
521 1681 573 1739 pro
584 1661 653 1736 filio,
668 1669 699 1722 et
712 1681 769 1720 uon
783 1661 802 1690 ⁸¹
812 1663 912 1722 inanes
924 1681 1040 1742 quoque

23 1757 133 1833 speeies
157 1756 244 1815 anxio
269 1757 365 1816 animo
389 1757 535 1835 fignuaret.
588 1756 685 1829 Quare
712 1758 789 1820 enim
815 1777 873 1818 non
897 1759 1040 1820 adsoribit

22 1855 119 1909 metris
144 1851 191 1910 sui
215 1851 356 1912 oausam?
396 1851 529 1932 Denique
550 1873 609 1912 non
633 1853 763 1914 ostendit
785 1860 941 1917 auotorem.
971 1854 1038 1928 Quo

25 1947 98 2005 faato
113 1946 230 2006 diotone
253 1954 353 2008 nostro
366 1955 446 2008 mota
466 1955 527 2009 tam
540 1943 669 2027 trepidas
688 1950 744 2014 tibi
763 1949 879 2010 litteras
893 1950 1038 2032 sempsit?

24 2040 204 2101 Omiseram
225 2043 419 2102 conditionem
440 2063 543 2118 meam,
564 2044 612 2104 oui
633 2045 755 2106 forsitan
775 2045 1038 2122 uonperieulosius
1093 2088 1096 2094 ‚

21 2144 67 2194 est
90 2144 196 2209 tedere,
220 2137 310 2214 quam
333 2135 449 2196 dioerei
501 2137 561 2198 Sed
583 2145 740 2217 uteumqne
756 2157 883 2198 ¹sessura
908 2157 957 2198 res
983 2147 1037 2214 est,

21 2230 98 2288 malo
113 2230 171 2288 tibi
185 2231 380 2288 defensionem
394 2248 487 2290 meam
496 2231 658 2308 displioere,
670 2232 758 2310 qubm
772 2251 897 2292 oausam.
925 2234 1040 2310 Agnes·

21 2345 68 2384 ees
91 2331 192 2384 autem
211 2345 278 2404 quae
287 2324 419 2384 diuturne
433 2343 506 2384 sum.
548 2323 662 2404 Quippe
677 2326 844 2402 meministi,
857 2329 925 2388 erim
939 2347 986 2386 me
998 2327 1037 2388 ad

21 2420 224 2498 perduoendos
237 2439 274 2479 ex
288 2419 461 2478 Maoedonid
474 2419 583 2480 milites
596 2421 737 2496 mitteres,
752 2421 862 2482 dixisse
875 2429 913 2498 te,
927 2423 1036 2484 multos

21 2517 40 2544 ³²
50 2517 182 2595 integros
192 2517 316 2592 juvenes
329 2515 361 2574 in
374 2514 460 2574 domo
473 2522 534 2575 tuae
553 2516 654 2577 matris
673 2515 819 2578 absoondi.
862 2517 1036 2598 Praeoepisti

21 2613 109 2688 igitur
133 2611 217 2686 mihi,
243 2610 309 2668 ”ne
332 2629 418 2690 qoem
441 2619 548 2689 praeter
561 2617 591 2670 te
605 2612 743 2687 intuerer,
764 2613 816 2672 sed
838 2613 1035 2676 detreotantes

21 2707 152 2766 militiam
166 2705 356 2785 perdurarem
377 2705 416 2766 ad
437 2713 476 2766 te.
519 2705 605 2777 Quod
625 2708 760 2786 equidem
780 2709 846 2784 feei,
860 2716 891 2768 et
910 2709 1036 2770 liberius

21 2803 106 2878 quiam
120 2802 297 2880 expediebat
309 2801 390 2876 mihi,
405 2809 545 2862 executus
571 2821 636 2862 sum
658 2803 813 2882 imperium
829 2811 920 2864 tuum.
964 2802 1037 2866 Gor·

21 2895 101 2972 giam,
117 2897 304 2972 Hecataeum,
328 2903 360 2956 et
384 2896 551 2974 Gorgatam,
576 2917 700 2976 quorum
722 2899 800 2960 boun
823 2901 912 2976 opert
933 2899 1034 2976 uteris,

21 2990 86 3048 inde
110 2991 249 3070 perduxi.
292 2990 371 3062 Quid
395 2991 486 3070 igitur
507 2991 635 3072 iniquius
661 2999 716 3068 est,
737 2993 826 3072 quam
852 3013 907 3070 me,
927 2995 1035 3075 quini

21 3085 72 3143 tibi
84 3105 142 3146 non
156 3086 330 3166 paruissem,
351 3089 418 3164 jure
442 3087 563 3147 daturus
576 3087 621 3148 fui
634 3105 744 3166 poenae,
757 3107 833 3150 nuno
847 3092 950 3170 perire,
964 3094 1035 3174 qnia

21 3182 125 3255 parui?
175 3182 281 3261 Neque
306 3181 383 3241 enim
406 3181 468 3240 nlla
489 3181 549 3242 alia
570 3183 660 3242 matri
680 3191 741 3244 tum
759 3189 953 3267 persequendi
980 3207 1034 3250 nos

21 3285 172 3352 causaest,
187 3279 275 3356 qudm
292 3277 370 3356 quod
391 3277 553 3338 utilitatem
567 3284 648 3338 emm
671 3280 807 3342 muliebri
820 3285 1033 3363 praeposuimus

21 3370 129 3443 gratim.
171 3371 233 3432 Sex
245 3372 340 3434 millia
354 3373 546 3434 Macedonum
557 3374 696 3452 peditum,
711 3383 742 3438 et
754 3386 906 3441 seruentoe
919 3380 1034 3458 equites

21 3462 145 3525 adduxi:
164 3485 289 3546 quorum
310 3487 378 3546 pars
402 3475 538 3530 secuturo
558 3489 605 3532 me
624 3490 682 3534 non
705 3480 776 3548 eret,
792 3473 817 3532 si
837 3473 972 3534 militiam
986 3471 1034 3530 de-

21 3560 212 3622 treetautibus
226 3562 377 3642 indulgere
388 3563 554 3626 voluissem.
597 3566 737 3648 Sequitur
750 3569 829 3646 ergd,
843 3573 886 3642 ut,
899 3565 969 3643 quia
981 3563 1034 3622 illa

21 3659 135 3728 propter
156 3655 232 3714 hane
254 3675 369 3716 eausam
383 3658 518 3720 irasoitnr
539 3661 634 3737 nobis,
648 3669 683 3722 tn
706 3661 823 3738 mitiges
837 3665 968 3732 matrem,
981 3657 1033 3738 qui

21 3741 143 3824 ireeejus
156 3751 385 3812 nosobtulisti.”
1030 3825 1033 3830 ¹

80 3840 124 3902 IL
146 3847 173 3904 4.
197 3845 277 3906 Dum
297 3845 360 3906 besa
373 3849 520 3928 Amyntas
540 3851 610 3928 agit,
631 3850 709 3910 forte
729 3850 1032 3932 superveneruntque

164 3940 182 3996 7
