2642 4386
128 336 192 401 20⁶
472 353 620 400 enuere
644 353 787 396 nunnrr

131 492 186 554 lide
198 491 343 554 redditum
356 498 408 554 ost
450 493 558 568 Petrae,
577 491 756 571 regionisque
777 489 806 550 ei
827 487 982 568 edjunotse,
996 485 1147 550 Sisocosto

131 588 225 650 tutela
239 587 386 665 permissa

190 683 266 742 XII.
298 686 344 742 39.
378 681 451 742 Inde
474 674 615 760 prooessit
643 680 816 754 Embolima,
842 686 873 740 et
899 679 970 738 edm
996 677 1149 756 angustias

132 779 247 841 itineris
261 778 390 840 obsideri
403 777 513 856 viginti
522 777 652 838 millibus
666 783 841 836 armatorum
855 775 893 834 ab
908 774 1005 852 Eryce
1019 773 1147 852 quodam

133 873 329 951 eompeuisset,
345 873 481 950 ¹gravins
495 891 598 950 agmen
611 871 761 932 exereitus
778 869 867 932 (lneno
882 868 1046 928 duo'endurn
1066 867 1148 927 ‘mo-

134 967 208 1028 diois
220 967 374 1028 itineribus
398 967 529 1028 tradidit.
573 965 642 1044 Ipse
666 985 845 1044 praegressus
864 985 929 1024 eum
943 965 1090 1026 frmditore
1114 983 1149 1022 ae

135 1061 294 1140 sagittario,
309 1061 472 1122 deturbatis
498 1061 550 1140 qni
573 1061 745 1123 obsederant
770 1061 886 1135 saltum,
902 1060 1092 1139 sequentibus
1117 1079 1151 1120 se

134 1156 224 1234 oopiis
237 1156 313 1216 viem
327 1157 405 1216 feeit.
447 1156 517 1216 Indi
539 1157 600 1218 sine
614 1156 681 1218 odio
704 1155 795 1230 dunis,
811 1156 871 1216 sine
889 1155 1014 1234 gretiam
1026 1155 1150 1215 vintoris

136 1251 230 1331 Regis
250 1252 360 1326 inituri,
378 1251 503 1330 llryoem
517 1253 679 1330 fugientem
699 1251 795 1310 odorti
814 1251 1034 1324 interemerunt,
1048 1257 1148 1328 eaput

135 1367 191 1426 qne
206 1349 269 1425 ejus
292 1354 379 1428 etque
392 1367 472 1406 erma
495 1347 532 1406 ad
553 1347 753 1409 Alexandrum
776 1346 950 1406 detulerunt
1001 1345 1151 1406 illefonso

136 1443 340 1521 impunitatem
364 1443 454 1518 dedit,
476 1443 614 1502 honorem
639 1441 793 1520 denegavit
817 1441 955 1518 exemplo.
1009 1440 1089 1500 Hine
1113 1440 1152 1500 ed

137 1537 245 1598 flumen
269 1537 376 1598 Indum
397 1538 490 1598 sextis
511 1537 630 1599 deeimis
643 1537 748 1596 nestris
769 1536 909 1614 pervenit,
930 1535 1082 1614 omniaque
1105 1535 1153 1611 (ut

138 1636 329 1710 prseoeperat)
354 1632 391 1692 ad
414 1633 620 1708 trajiciendum
639 1638 802 1710 prsepurete
825 1631 861 1691 ab
886 1629 1096 1708 Hephaestione
1108 1650 1153 1690 re

137 1727 221 1806 perit.
264 1727 439 1804 'Regnabat
461 1727 491 1784 in
515 1731 550 1786 et
574 1727 692 1804 regione
715 1725 848 1803 Omphis,
862 1726 913 1805 qui
927 1726 1153 1804 ‘patriquoqne

138 1821 235 1880 inerat
248 1828 349 1880 anetor
364 1821 489 1880 dedendi
515 1841 636 1899 regnum
659 1821 835 1880 Alexsndrn.
880 1822 922 1882 llt
942 1829 1152 1900 postmortem

137 1916 268 1996 parentis
282 1916 392 1995 legatos
405 1916 534 1990 miseret,
548 1917 599 1996 qui
617 1916 801 1977 eonsulerent
823 1935 899 1990 enm,
914 1936 1035 1995 regnare
1056 1935 1090 1976 ee
1111 1916 1153 1974 in·

140 2010 228 2072 terim
238 2011 337 2087 vellet,
352 2033 388 2070 en
412 2013 557 2090 privatum
582 2012 708 2091 opperiri
732 2015 797 2089 ejus
820 2012 995 2088 adventum,
1017 2011 1151 2090 ‘permis-

140 2125 229 2187 soque
242 2115 277 2166 ut
290 2115 502 2188 regnaretnon
526 2116 624 2171 temen
646 2109 696 2185 jus
719 2107 822 2168 dstnm
844 2127 985 2186 usurpare
1006 2107 1153 2168 sustinuit

142 2203 175 2262 Is
196 2204 321 2282 benigne
334 2204 452 2284 quidem
470 2211 624 2282 exeeperut
647 2204 895 2282 Hephaestionem,
910 2203 1073 2283 gratuitum
1093 2202 1153 2260 frn-

142 2306 271 2360 mentum
285 2301 375 2378 eopiis
396 2302 461 2378 ejus
479 2300 653 2360 admensus:
675 2299 752 2358 ‘non
772 2305 869 2358 tamen
883 2298 911 2358 ei
929 2305 1103 2372 oeenrrerst,
1117 2317 1155 2356 ne

141 2393 228 2452 iidem
240 2393 338 2468 nilide,
353 2395 409 2454 nisi
428 2395 530 2473 Regis,
545 2394 737 2472 experiretur.
777 2394 884 2473 Iteque
896 2393 1026 2454 venienti
1038 2392 1157 2453 obviitm

142 2505 207 2544 enm
231 2495 340 2546 nrmoto
368 2489 495 2548 exercitu
519 2506 652 2567 egressus
673 2495 725 2548 est.
776 2487 934 2566 Elephanti
960 2507 1083 2568 quoque,
1104 2507 1158 2564 per

142 2580 255 2640 modies
269 2581 421 2640 intervalla
435 2581 562 2640 militnm
576 2582 685 2662 agmini
704 2583 840 2658 immixti,
854 2583 956 2662 prooul
969 2583 1157 2644 nostellorum

143 2677 272 2737 fenerent
286 2677 417 2756 speeiem.

205 2775 251 2832 to.
272 2773 318 2832 Ae
342 2773 435 2851 primd
449 2771 627 2847 Alexander,
641 2791 698 2832 non
719 2773 837 2847 soeium,
852 2772 904 2832 sed
924 2773 1039 2834 hostem
1052 2773 1156 2834 adven·

144 2875 207 2928 tsre
234 2868 377 2930 eredebet.
433 2867 558 2947 Jamque
593 2876 624 2926 et
650 2867 712 2946 ipse
740 2887 821 2928 arma
848 2867 960 2928 milites
985 2887 1098 2946 sapere,
1126 2875 1158 2928 et

145 2963 257 3040 equites
271 2964 419 3025 discedere
439 2963 470 3024 iu
483 2983 574 3025 eornu
591 2965 729 3041 jusserat,
740 2971 857 3042 paratos
871 2963 909 3024 nd
928 2983 1064 3044 pugnem.
1108 2963 1154 3022 At

145 3057 246 3132 Indus,
261 3059 377 3136 eognito
399 3059 591 3119 Maoedonnm
615 3071 719 3134 errore,
731 3059 822 3136 jussis
845 3059 1005 3121 subsistere
1028 3059 1156 3133 eeeteris,

145 3153 207 3230 ipse
221 3152 347 3210 ooneitat
362 3171 477 3231 equum,
491 3174 549 3232 quo
563 3154 730 3216 vehebatur.
759 3154 844 3216 Idem
857 3153 1028 3214 Alexander
1040 3173 1158 3234 qnoque

145 3247 233 3309 lenit:
255 3247 315 3308 sive
329 3246 430 3322 hostis,
446 3248 507 3308 sine
520 3249 630 3310 amiens
639 3257 810 3326 oeonrreret,
823 3248 891 3310 'vol
905 3252 961 3310 unt
974 3249 1095 3324 virtute,
1108 3248 1159 3310 vel

145 3343 226 3404 illius
246 3342 303 3403 fide
326 3349 417 3402 tutus.
461 3342 591 3418 Ootvere,
611 3344 690 3423 quod
714 3363 750 3404 ex
773 3343 926 3421 utriusque
948 3343 1036 3404 vultu
1058 3349 1158 3422 posset

145 3439 280 3520 intelligi,
295 3437 394 3498 amieis
407 3437 531 3498 enimis:
552 3440 693 3498 nostorum
707 3439 769 3498 sine
789 3438 948 3515 interprete
968 3457 1028 3500 non
1040 3446 1157 3518 poterat

145 3537 257 3598 oonseri
279 3553 379 3596 sermo.
422 3533 527 3612 Iteqne
551 3532 684 3594 adhibito
706 3549 750 3607 en,
769 3531 920 3593 Barbarus
944 3537 1105 3596 oeeurrisse
1127 3553 1158 3595 ss

145 3631 222 3692 dixit
236 3652 301 3692 oum
315 3630 454 3706 exereitu,
468 3635 544 3688 totns
568 3628 683 3704 imperii
704 3628 782 3688 vires
802 3629 935 3705 protinus
956 3629 1153 3705 traditurum

144 3745 197 3782 nee
212 3730 381 3800 expeotesse
401 3725 470 3784 dum
483 3743 534 3803 per
548 3723 666 3784 nunnius
680 3723 801 3784 duretur
814 3723 895 3784 tides.
940 3723 1054 3801 (lorpes
1072 3743 1158 3784 snum
1253 3716 1258 3722 ’

148 3824 176 3873 et
200 3837 321 3894 regnum
345 3820 513 3898 permittere
534 3819 590 3895 illi,
603 3837 689 3902 quern
711 3818 801 3878 eoiret
821 3819 940 3898 8glories
963 3817 1156 3878 militantem:
