<?xml version="1.0" encoding="UTF-8"?>
<!DOCTYPE html PUBLIC "-//W3C//DTD XHTML 1.0 Transitional//EN"
    "http://www.w3.org/TR/xhtml1/DTD/xhtml1-transitional.dtd">
<html xmlns="http://www.w3.org/1999/xhtml" xml:lang="en" lang="en">
 <head>
  <title>
</title>
<meta http-equiv="Content-Type" content="text/html;charset=utf-8" />
  <meta name='ocr-system' content='tesseract 3.04.00' />
  <meta name='ocr-capabilities' content='ocr_page ocr_carea ocr_par ocr_line ocrx_word'/>
</head>
<body>
  <div class='ocr_page' id='page_1' title='image "./quintuscurtiusr00cellgoog_0197.png"; bbox 0 0 2642 4386; ppageno 0'>
   <div class='ocr_carea' id='block_1_1' title="bbox 143 311 793 373">
    <p class='ocr_par' dir='ltr' id='par_1_1' title="bbox 143 311 793 373">
     <span class='ocr_line' id='line_1_1' title="bbox 143 311 793 373; baseline -0.018 -1"><span class='ocrx_word' id='word_1_1' title='bbox 143 311 203 372; x_wconf 63' lang='lat' dir='ltr'><strong>iffi</strong></span> <span class='ocrx_word' id='word_1_2' title='bbox 487 321 625 373; x_wconf 77' lang='lat' dir='ltr'><strong>ausuri</strong></span> <span class='ocrx_word' id='word_1_3' title='bbox 652 321 793 362; x_wconf 84' lang='lat' dir='ltr'><strong>ounrrr</strong></span> 
     </span>
    </p>
   </div>
   <div class='ocr_carea' id='block_1_2' title="bbox 67 457 1171 3872">
    <p class='ocr_par' dir='ltr' id='par_1_2' title="bbox 67 457 1171 3872">
     <span class='ocr_line' id='line_1_2' title="bbox 137 457 1159 545; baseline -0.01 -19"><span class='ocrx_word' id='word_1_4' title='bbox 137 464 258 545; x_wconf 81' lang='lat' dir='ltr'><strong>oogitur,</strong></span> <span class='ocrx_word' id='word_1_5' title='bbox 271 459 369 524; x_wconf 78' lang='lat' dir='ltr'><strong>solido</strong></span> <span class='ocrx_word' id='word_1_6' title='bbox 389 460 564 520; x_wconf 86' lang='lat' dir='ltr'><strong>munimento</strong></span> <span class='ocrx_word' id='word_1_7' title='bbox 588 466 723 538; x_wconf 69' lang='lat' dir='ltr'><strong>sepssrm</strong></span> <span class='ocrx_word' id='word_1_8' title='bbox 766 457 1014 520; x_wconf 78' lang='lat' dir='ltr'><strong>¹⁸Praeterduebat</strong></span> <span class='ocrx_word' id='word_1_9' title='bbox 1036 461 1159 516; x_wconf 80' lang='lat' dir='ltr'><strong>torrem·</strong></span> 
     </span>
     <span class='ocr_line' id='line_1_3' title="bbox 138 551 1152 636; baseline -0.007 -19"><span class='ocrx_word' id='word_1_10' title='bbox 138 559 238 632; x_wconf 81' lang='lat' dir='ltr'><strong>amnis,</strong></span> <span class='ocrx_word' id='word_1_11' title='bbox 261 557 311 636; x_wconf 88' lang='lat' dir='ltr'><strong>qui</strong></span> <span class='ocrx_word' id='word_1_12' title='bbox 333 563 415 635; x_wconf 89' lang='lat' dir='ltr'><strong>terga</strong></span> <span class='ocrx_word' id='word_1_13' title='bbox 436 555 535 616; x_wconf 87' lang='lat' dir='ltr'><strong>Petras</strong></span> <span class='ocrx_word' id='word_1_14' title='bbox 556 555 722 616; x_wconf 81' lang='lat' dir='ltr'><strong>claudebat:</strong></span> <span class='ocrx_word' id='word_1_15' title='bbox 751 553 826 614; x_wconf 87' lang='lat' dir='ltr'><strong>bano</strong></span> <span class='ocrx_word' id='word_1_16' title='bbox 851 571 938 612; x_wconf 88' lang='lat' dir='ltr'><strong>manu</strong></span> <span class='ocrx_word' id='word_1_17' title='bbox 956 551 1087 630; x_wconf 81' lang='lat' dir='ltr'><strong>perviam</strong></span> <span class='ocrx_word' id='word_1_18' title='bbox 1109 552 1152 610; x_wconf 79' lang='lat' dir='ltr'><strong>in·</strong></span> 
     </span>
     <span class='ocr_line' id='line_1_4' title="bbox 138 645 1158 728; baseline -0.009 -15"><span class='ocrx_word' id='word_1_19' title='bbox 138 653 208 713; x_wconf 73' lang='lat' dir='ltr'><strong>oola</strong></span> <span class='ocrx_word' id='word_1_20' title='bbox 231 653 365 712; x_wconf 80' lang='lat' dir='ltr'><strong>taoeraut</strong></span> <span class='ocrx_word' id='word_1_21' title='bbox 408 651 467 712; x_wconf 79' lang='lat' dir='ltr'><strong>Sed</strong></span> <span class='ocrx_word' id='word_1_22' title='bbox 490 651 587 710; x_wconf 91' lang='lat' dir='ltr'><strong>aditus</strong></span> <span class='ocrx_word' id='word_1_23' title='bbox 611 655 709 728; x_wconf 79' lang='lat' dir='ltr'><strong>speetu</strong></span> <span class='ocrx_word' id='word_1_24' title='bbox 732 649 836 726; x_wconf 85' lang='lat' dir='ltr'><strong>aaoipit</strong></span> <span class='ocrx_word' id='word_1_25' title='bbox 860 649 971 708; x_wconf 88' lang='lat' dir='ltr'><strong>luoom:</strong></span> <span class='ocrx_word' id='word_1_26' title='bbox 1003 645 1158 722; x_wconf 75' lang='lat' dir='ltr'><strong>interiora,</strong></span> 
     </span>
     <span class='ocr_line' id='line_1_5' title="bbox 138 741 1154 822; baseline -0.009 -15"><span class='ocrx_word' id='word_1_27' title='bbox 138 748 195 808; x_wconf 89' lang='lat' dir='ltr'><strong>nisi</strong></span> <span class='ocrx_word' id='word_1_28' title='bbox 219 747 301 806; x_wconf 84' lang='lat' dir='ltr'><strong>illato</strong></span> <span class='ocrx_word' id='word_1_29' title='bbox 323 746 440 822; x_wconf 89' lang='lat' dir='ltr'><strong>lumine,</strong></span> <span class='ocrx_word' id='word_1_30' title='bbox 454 745 576 822; x_wconf 79' lang='lat' dir='ltr'><strong>obseura</strong></span> <span class='ocrx_word' id='word_1_31' title='bbox 597 752 673 805; x_wconf 89' lang='lat' dir='ltr'><strong>sunt.</strong></span> <span class='ocrx_word' id='word_1_32' title='bbox 716 747 736 774; x_wconf 83' lang='lat'><strong>¹⁹</strong></span> <span class='ocrx_word' id='word_1_33' title='bbox 746 745 908 822; x_wconf 88' lang='lat' dir='ltr'><strong>Perpetuus</strong></span> <span class='ocrx_word' id='word_1_34' title='bbox 927 741 1075 802; x_wconf 85' lang='lat' dir='ltr'><strong>eunioulus</strong></span> <span class='ocrx_word' id='word_1_35' title='bbox 1094 741 1154 800; x_wconf 89' lang='lat' dir='ltr'><strong>iter</strong></span> 
     </span>
     <span class='ocr_line' id='line_1_6' title="bbox 139 836 1153 922; baseline -0.009 -20"><span class='ocrx_word' id='word_1_36' title='bbox 139 843 250 922; x_wconf 86' lang='lat' dir='ltr'><strong>praebet</strong></span> <span class='ocrx_word' id='word_1_37' title='bbox 271 843 304 902; x_wconf 88' lang='lat' dir='ltr'><strong>in</strong></span> <span class='ocrx_word' id='word_1_38' title='bbox 325 861 440 920; x_wconf 89' lang='lat' dir='ltr'><strong>oampos</strong></span> <span class='ocrx_word' id='word_1_39' title='bbox 462 841 601 920; x_wconf 85' lang='lat' dir='ltr'><strong>ignotum,</strong></span> <span class='ocrx_word' id='word_1_40' title='bbox 625 839 683 900; x_wconf 89' lang='lat' dir='ltr'><strong>nisi</strong></span> <span class='ocrx_word' id='word_1_41' title='bbox 707 839 857 918; x_wconf 89' lang='lat' dir='ltr'><strong>indigenis.</strong></span> <span class='ocrx_word' id='word_1_42' title='bbox 908 838 951 897; x_wconf 78' lang='lat' dir='ltr'><strong>Aa</strong></span> <span class='ocrx_word' id='word_1_43' title='bbox 978 836 1153 909; x_wconf 76' lang='lat' dir='ltr'>Alexander,</span> 
     </span>
     <span class='ocr_line' id='line_1_7' title="bbox 142 931 1156 1018; baseline -0.01 -19"><span class='ocrx_word' id='word_1_44' title='bbox 142 958 301 1018; x_wconf 78' lang='lat' dir='ltr'><strong>quanquam</strong></span> <span class='ocrx_word' id='word_1_45' title='bbox 323 937 473 1016; x_wconf 88' lang='lat' dir='ltr'><strong>angustias</strong></span> <span class='ocrx_word' id='word_1_46' title='bbox 493 935 621 996; x_wconf 86' lang='lat' dir='ltr'><strong>naturali</strong></span> <span class='ocrx_word' id='word_1_47' title='bbox 644 935 704 994; x_wconf 90' lang='lat' dir='ltr'><strong>situ</strong></span> <span class='ocrx_word' id='word_1_48' title='bbox 724 935 851 994; x_wconf 86' lang='lat' dir='ltr'><strong>munitas</strong></span> <span class='ocrx_word' id='word_1_49' title='bbox 864 933 962 995; x_wconf 77' lang='lat' dir='ltr'><strong>valida</strong></span> <span class='ocrx_word' id='word_1_50' title='bbox 982 951 1070 992; x_wconf 91' lang='lat' dir='ltr'><strong>manu</strong></span> <span class='ocrx_word' id='word_1_51' title='bbox 1082 931 1156 990; x_wconf 88' lang='lat' dir='ltr'><strong>Bar·</strong></span> 
     </span>
     <span class='ocr_line' id='line_1_8' title="bbox 143 1028 1155 1107; baseline -0.006 -13"><span class='ocrx_word' id='word_1_52' title='bbox 143 1033 204 1094; x_wconf 88' lang='lat' dir='ltr'><strong>bari</strong></span> <span class='ocrx_word' id='word_1_53' title='bbox 224 1032 388 1107; x_wconf 88' lang='lat' dir='ltr'><strong>tuebantur,</strong></span> <span class='ocrx_word' id='word_1_54' title='bbox 410 1038 509 1090; x_wconf 91' lang='lat' dir='ltr'><strong>tamen</strong></span> <span class='ocrx_word' id='word_1_55' title='bbox 531 1029 670 1090; x_wconf 87' lang='lat' dir='ltr'><strong>arietibus</strong></span> <span class='ocrx_word' id='word_1_56' title='bbox 697 1029 829 1106; x_wconf 88' lang='lat' dir='ltr'><strong>admotis,</strong></span> <span class='ocrx_word' id='word_1_57' title='bbox 851 1028 1062 1102; x_wconf 68' lang='lat' dir='ltr'><strong>”munimenta</strong></span> <span class='ocrx_word' id='word_1_58' title='bbox 1087 1047 1155 1106; x_wconf 86' lang='lat' dir='ltr'><strong>quas</strong></span> 
     </span>
     <span class='ocr_line' id='line_1_9' title="bbox 140 1123 1155 1206; baseline -0.006 -19"><span class='ocrx_word' id='word_1_59' title='bbox 140 1147 227 1188; x_wconf 86' lang='lat' dir='ltr'><strong>manu</strong></span> <span class='ocrx_word' id='word_1_60' title='bbox 239 1127 376 1204; x_wconf 75' lang='lat' dir='ltr'><strong>adjuncta</strong></span> <span class='ocrx_word' id='word_1_61' title='bbox 395 1133 487 1201; x_wconf 85' lang='lat' dir='ltr'><strong>erant,</strong></span> <span class='ocrx_word' id='word_1_62' title='bbox 508 1125 658 1201; x_wconf 87' lang='lat' dir='ltr'><strong>oonoussit,</strong></span> <span class='ocrx_word' id='word_1_63' title='bbox 672 1126 825 1206; x_wconf 83' lang='lat' dir='ltr'><strong>fundisque</strong></span> <span class='ocrx_word' id='word_1_64' title='bbox 847 1131 877 1184; x_wconf 90' lang='lat' dir='ltr'><strong>et</strong></span> <span class='ocrx_word' id='word_1_65' title='bbox 897 1123 1013 1204; x_wconf 73' lang='lat' dir='ltr'><strong>sagittis</strong></span> <span class='ocrx_word' id='word_1_66' title='bbox 1032 1143 1155 1202; x_wconf 90' lang='lat' dir='ltr'><strong>propug-</strong></span> 
     </span>
     <span class='ocr_line' id='line_1_10' title="bbox 140 1211 1156 1301; baseline -0.005 -19"><span class='ocrx_word' id='word_1_67' title='bbox 140 1224 272 1282; x_wconf 86' lang='lat' dir='ltr'><strong>nantium</strong></span> <span class='ocrx_word' id='word_1_68' title='bbox 292 1222 442 1301; x_wconf 86' lang='lat' dir='ltr'><strong>plerosque</strong></span> <span class='ocrx_word' id='word_1_69' title='bbox 453 1221 575 1298; x_wconf 79' lang='lat' dir='ltr'><strong>dejecit:</strong></span> <span class='ocrx_word' id='word_1_70' title='bbox 596 1239 667 1301; x_wconf 90' lang='lat' dir='ltr'><strong>quos</strong></span> <span class='ocrx_word' id='word_1_71' title='bbox 686 1221 738 1282; x_wconf 92' lang='lat' dir='ltr'><strong>ubi</strong></span> <span class='ocrx_word' id='word_1_72' title='bbox 758 1221 902 1298; x_wconf 91' lang='lat' dir='ltr'><strong>dispersos</strong></span> <span class='ocrx_word' id='word_1_73' title='bbox 921 1211 1042 1300; x_wconf 78' lang='lat' dir='ltr'><strong>fu&#39;gavit,</strong></span> <span class='ocrx_word' id='word_1_74' title='bbox 1055 1219 1156 1278; x_wconf 85' lang='lat' dir='ltr'><strong>ruinas</strong></span> 
     </span>
     <span class='ocr_line' id='line_1_11' title="bbox 141 1315 1113 1396; baseline -0.006 -16"><span class='ocrx_word' id='word_1_75' title='bbox 141 1320 385 1380; x_wconf 74' lang='lat' dir='ltr'><strong>munimentorum</strong></span> <span class='ocrx_word' id='word_1_76' title='bbox 397 1335 609 1396; x_wconf 75' lang='lat' dir='ltr'>supergressus,</span> <span class='ocrx_word' id='word_1_77' title='bbox 624 1316 662 1375; x_wconf 91' lang='lat' dir='ltr'><strong>ad</strong></span> <span class='ocrx_word' id='word_1_78' title='bbox 675 1316 794 1376; x_wconf 78' lang='lat' dir='ltr'><strong>Petram</strong></span> <span class='ocrx_word' id='word_1_79' title='bbox 807 1315 936 1375; x_wconf 85' lang='lat' dir='ltr'><strong>admovit</strong></span> <span class='ocrx_word' id='word_1_80' title='bbox 949 1315 1113 1376; x_wconf 84' lang='lat' dir='ltr'><strong>exereitum.</strong></span> 
     </span>
     <span class='ocr_line' id='line_1_12' title="bbox 208 1409 1157 1488; baseline -0.004 -16"><span class='ocrx_word' id='word_1_81' title='bbox 208 1415 251 1474; x_wconf 88' lang='lat'><strong>10.</strong></span> <span class='ocrx_word' id='word_1_82' title='bbox 274 1411 423 1474; x_wconf 72' lang='lat' dir='ltr'><strong>satarum</strong></span> <span class='ocrx_word' id='word_1_83' title='bbox 449 1411 659 1472; x_wconf 74' lang='lat' dir='ltr'><strong>interveniebat</strong></span> <span class='ocrx_word' id='word_1_84' title='bbox 683 1410 787 1472; x_wconf 84' lang='lat' dir='ltr'><strong>fluvius</strong></span> <span class='ocrx_word' id='word_1_85' title='bbox 813 1410 983 1471; x_wconf 69' lang='lat' dir='ltr'><strong>coeuntibus</strong></span> <span class='ocrx_word' id='word_1_86' title='bbox 1010 1409 1091 1488; x_wconf 89' lang='lat' dir='ltr'><strong>aquis</strong></span> <span class='ocrx_word' id='word_1_87' title='bbox 1119 1427 1157 1468; x_wconf 85' lang='lat' dir='ltr'><strong>ex</strong></span> 
     </span>
     <span class='ocr_line' id='line_1_13' title="bbox 143 1505 1158 1588; baseline -0.006 -19"><span class='ocrx_word' id='word_1_88' title='bbox 143 1509 289 1586; x_wconf 76' lang='lat' dir='ltr'><strong>superiore</strong></span> <span class='ocrx_word' id='word_1_89' title='bbox 309 1508 426 1588; x_wconf 82' lang='lat' dir='ltr'><strong>fastigio</strong></span> <span class='ocrx_word' id='word_1_90' title='bbox 448 1507 479 1566; x_wconf 88' lang='lat' dir='ltr'><strong>in</strong></span> <span class='ocrx_word' id='word_1_91' title='bbox 499 1507 613 1581; x_wconf 80' lang='lat' dir='ltr'><strong>vadem,</strong></span> <span class='ocrx_word' id='word_1_92' title='bbox 637 1507 787 1585; x_wconf 79' lang='lat' dir='ltr'><strong>magnique</strong></span> <span class='ocrx_word' id='word_1_93' title='bbox 809 1505 903 1584; x_wconf 87' lang='lat' dir='ltr'><strong>operis</strong></span> <span class='ocrx_word' id='word_1_94' title='bbox 925 1505 1076 1566; x_wconf 82' lang='lat' dir='ltr'><strong>videbatur</strong></span> <span class='ocrx_word' id='word_1_95' title='bbox 1096 1511 1158 1564; x_wconf 89' lang='lat' dir='ltr'><strong>tam</strong></span> 
     </span>
     <span class='ocr_line' id='line_1_14' title="bbox 146 1601 1158 1681; baseline -0.006 -17"><span class='ocrx_word' id='word_1_96' title='bbox 146 1611 259 1664; x_wconf 84' lang='lat' dir='ltr'><strong>vastam</strong></span> <span class='ocrx_word' id='word_1_97' title='bbox 280 1604 446 1681; x_wconf 82' lang='lat' dir='ltr'><strong>voraginem</strong></span> <span class='ocrx_word' id='word_1_98' title='bbox 469 1602 591 1679; x_wconf 87' lang='lat' dir='ltr'><strong>explere.</strong></span> <span class='ocrx_word' id='word_1_99' title='bbox 647 1601 731 1662; x_wconf 76' lang='lat' dir='ltr'><strong>(iaedi</strong></span> <span class='ocrx_word' id='word_1_100' title='bbox 753 1609 850 1660; x_wconf 88' lang='lat' dir='ltr'><strong>tamen</strong></span> <span class='ocrx_word' id='word_1_101' title='bbox 876 1601 1002 1676; x_wconf 85' lang='lat' dir='ltr'><strong>arbores,</strong></span> <span class='ocrx_word' id='word_1_102' title='bbox 1030 1607 1061 1658; x_wconf 90' lang='lat' dir='ltr'><strong>et</strong></span> <span class='ocrx_word' id='word_1_103' title='bbox 1088 1619 1158 1659; x_wconf 85' lang='lat' dir='ltr'><strong>saxa</strong></span> 
     </span>
     <span class='ocr_line' id='line_1_15' title="bbox 131 1695 1161 1775; baseline -0.003 -19"><span class='ocrx_word' id='word_1_104' title='bbox 131 1696 259 1775; x_wconf 56' lang='lat' dir='ltr'><strong>*tongeri</strong></span> <span class='ocrx_word' id='word_1_105' title='bbox 271 1697 366 1772; x_wconf 88' lang='lat' dir='ltr'><strong>jussit.</strong></span> <span class='ocrx_word' id='word_1_106' title='bbox 407 1696 572 1774; x_wconf 77' lang='lat' dir='ltr'><strong>Ingensque</strong></span> <span class='ocrx_word' id='word_1_107' title='bbox 582 1695 726 1757; x_wconf 86' lang='lat' dir='ltr'><strong>Barbaros</strong></span> <span class='ocrx_word' id='word_1_108' title='bbox 738 1715 827 1774; x_wconf 85' lang='lat' dir='ltr'><strong>paror</strong></span> <span class='ocrx_word' id='word_1_109' title='bbox 837 1695 922 1756; x_wconf 91' lang='lat' dir='ltr'><strong>rudes</strong></span> <span class='ocrx_word' id='word_1_110' title='bbox 935 1696 973 1754; x_wconf 88' lang='lat' dir='ltr'><strong>ad</strong></span> <span class='ocrx_word' id='word_1_111' title='bbox 986 1695 1057 1754; x_wconf 85' lang='lat' dir='ltr'><strong>talia</strong></span> <span class='ocrx_word' id='word_1_112' title='bbox 1071 1713 1161 1772; x_wconf 76' lang='lat' dir='ltr'><strong>opera</strong></span> 
     </span>
     <span class='ocr_line' id='line_1_16' title="bbox 77 1791 1159 1870; baseline 0 -20"><span class='ocrx_word' id='word_1_113' title='bbox 77 1805 79 1812; x_wconf 86' lang='lat'>&#39;</span> <span class='ocrx_word' id='word_1_114' title='bbox 146 1797 335 1865; x_wconf 85' lang='lat' dir='ltr'><strong>oonousaerat,</strong></span> <span class='ocrx_word' id='word_1_115' title='bbox 351 1791 505 1848; x_wconf 82' lang='lat' dir='ltr'><strong>excitatam</strong></span> <span class='ocrx_word' id='word_1_116' title='bbox 525 1791 632 1849; x_wconf 86' lang='lat' dir='ltr'><strong>molem</strong></span> <span class='ocrx_word' id='word_1_117' title='bbox 656 1791 754 1852; x_wconf 70' lang='lat' dir='ltr'><strong>subiti)</strong></span> <span class='ocrx_word' id='word_1_118' title='bbox 769 1798 925 1851; x_wconf 88' lang='lat' dir='ltr'><strong>oernentes.</strong></span> <span class='ocrx_word' id='word_1_119' title='bbox 967 1791 1070 1870; x_wconf 87' lang='lat' dir='ltr'><strong>Itaque</strong></span> <span class='ocrx_word' id='word_1_120' title='bbox 1091 1791 1159 1850; x_wconf 79' lang='lat' dir='ltr'><strong>Rex</strong></span> 
     </span>
     <span class='ocr_line' id='line_1_17' title="bbox 145 1885 1160 1965; baseline -0.002 -19"><span class='ocrx_word' id='word_1_121' title='bbox 145 1886 184 1946; x_wconf 79' lang='lat' dir='ltr'><strong>ud</strong></span> <span class='ocrx_word' id='word_1_122' title='bbox 209 1885 386 1946; x_wconf 85' lang='lat' dir='ltr'><strong>deditionem</strong></span> <span class='ocrx_word' id='word_1_123' title='bbox 412 1892 492 1944; x_wconf 89' lang='lat' dir='ltr'><strong>metu</strong></span> <span class='ocrx_word' id='word_1_124' title='bbox 524 1905 605 1965; x_wconf 91' lang='lat' dir='ltr'><strong>posse</strong></span> <span class='ocrx_word' id='word_1_125' title='bbox 632 1887 764 1965; x_wconf 82' lang='lat' dir='ltr'><strong>compelli</strong></span> <span class='ocrx_word' id='word_1_126' title='bbox 796 1894 885 1963; x_wconf 86' lang='lat' dir='ltr'><strong>ratus,</strong></span> <span class='ocrx_word' id='word_1_127' title='bbox 914 1886 1046 1948; x_wconf 76' lang='lat' dir='ltr'><strong>Oxarten</strong></span> <span class='ocrx_word' id='word_1_128' title='bbox 1077 1885 1160 1945; x_wconf 84' lang='lat' dir='ltr'><strong>misit</strong></span> 
     </span>
     <span class='ocr_line' id='line_1_18' title="bbox 101 1981 1160 2062; baseline -0.002 -21"><span class='ocrx_word' id='word_1_129' title='bbox 101 1983 104 1993; x_wconf 88' lang='lat'>&#39;</span> <span class='ocrx_word' id='word_1_130' title='bbox 145 1981 272 2042; x_wconf 82' lang='lat' dir='ltr'><strong>untionis</strong></span> <span class='ocrx_word' id='word_1_131' title='bbox 298 1981 432 2059; x_wconf 87' lang='lat' dir='ltr'><strong>ejusdem,</strong></span> <span class='ocrx_word' id='word_1_132' title='bbox 460 1982 510 2043; x_wconf 87' lang='lat' dir='ltr'><strong>sed</strong></span> <span class='ocrx_word' id='word_1_133' title='bbox 536 1983 655 2042; x_wconf 90' lang='lat' dir='ltr'><strong>ditionis</strong></span> <span class='ocrx_word' id='word_1_134' title='bbox 686 2002 754 2058; x_wconf 84' lang='lat' dir='ltr'><strong>suae,</strong></span> <span class='ocrx_word' id='word_1_135' title='bbox 781 1983 831 2062; x_wconf 91' lang='lat' dir='ltr'><strong>qui</strong></span> <span class='ocrx_word' id='word_1_136' title='bbox 863 1983 998 2042; x_wconf 85' lang='lat' dir='ltr'><strong>suaderet</strong></span> <span class='ocrx_word' id='word_1_137' title='bbox 1023 1981 1090 2040; x_wconf 83' lang='lat' dir='ltr'><strong>duni</strong></span> <span class='ocrx_word' id='word_1_138' title='bbox 1123 1988 1160 2040; x_wconf 91' lang='lat' dir='ltr'><strong>ut</strong></span> 
     </span>
     <span class='ocr_line' id='line_1_19' title="bbox 147 2078 1160 2158; baseline -0.002 -20"><span class='ocrx_word' id='word_1_139' title='bbox 147 2079 276 2141; x_wconf 85' lang='lat' dir='ltr'><strong>traderet</strong></span> <span class='ocrx_word' id='word_1_140' title='bbox 289 2078 415 2138; x_wconf 87' lang='lat' dir='ltr'><strong>Petram.</strong></span> <span class='ocrx_word' id='word_1_141' title='bbox 458 2078 582 2138; x_wconf 82' lang='lat' dir='ltr'><strong>Interim</strong></span> <span class='ocrx_word' id='word_1_142' title='bbox 595 2078 633 2137; x_wconf 89' lang='lat' dir='ltr'><strong>ad</strong></span> <span class='ocrx_word' id='word_1_143' title='bbox 645 2079 804 2158; x_wconf 86' lang='lat' dir='ltr'><strong>augendam</strong></span> <span class='ocrx_word' id='word_1_144' title='bbox 816 2078 1006 2154; x_wconf 82' lang='lat' dir='ltr'><strong>formidinem,</strong></span> <span class='ocrx_word' id='word_1_145' title='bbox 1020 2085 1050 2136; x_wconf 86' lang='lat' dir='ltr'><strong>et</strong></span> <span class='ocrx_word' id='word_1_146' title='bbox 1063 2085 1160 2137; x_wconf 86' lang='lat' dir='ltr'><strong>turres</strong></span> 
     </span>
     <span class='ocr_line' id='line_1_20' title="bbox 148 2173 1161 2253; baseline -0.002 -19"><span class='ocrx_word' id='word_1_147' title='bbox 148 2174 380 2251; x_wconf 77' lang='lat' dir='ltr'><strong>admovebantur,</strong></span> <span class='ocrx_word' id='word_1_148' title='bbox 394 2181 424 2234; x_wconf 89' lang='lat' dir='ltr'><strong>et</strong></span> <span class='ocrx_word' id='word_1_149' title='bbox 437 2193 558 2234; x_wconf 77' lang='lat' dir='ltr'><strong>excussa</strong></span> <span class='ocrx_word' id='word_1_150' title='bbox 569 2175 722 2234; x_wconf 88' lang='lat' dir='ltr'><strong>tormentis</strong></span> <span class='ocrx_word' id='word_1_151' title='bbox 735 2174 795 2234; x_wconf 86' lang='lat' dir='ltr'><strong>tela</strong></span> <span class='ocrx_word' id='word_1_152' title='bbox 808 2175 827 2204; x_wconf 82' lang='lat'><strong>²¹</strong></span> <span class='ocrx_word' id='word_1_153' title='bbox 837 2174 1003 2235; x_wconf 89' lang='lat' dir='ltr'><strong>emioabant.</strong></span> <span class='ocrx_word' id='word_1_154' title='bbox 1055 2173 1161 2253; x_wconf 79' lang='lat' dir='ltr'><strong>Itaque</strong></span> 
     </span>
     <span class='ocr_line' id='line_1_21' title="bbox 147 2269 1160 2349; baseline -0.006 -17"><span class='ocrx_word' id='word_1_155' title='bbox 147 2271 284 2332; x_wconf 76' lang='lat' dir='ltr'><strong>verticem</strong></span> <span class='ocrx_word' id='word_1_156' title='bbox 297 2272 405 2346; x_wconf 80' lang='lat' dir='ltr'><strong>Petrae,</strong></span> <span class='ocrx_word' id='word_1_157' title='bbox 418 2271 438 2299; x_wconf 75' lang='lat'><strong>²²</strong></span> <span class='ocrx_word' id='word_1_158' title='bbox 448 2271 527 2330; x_wconf 90' lang='lat' dir='ltr'><strong>omni</strong></span> <span class='ocrx_word' id='word_1_159' title='bbox 540 2271 598 2330; x_wconf 89' lang='lat' dir='ltr'><strong>alio</strong></span> <span class='ocrx_word' id='word_1_160' title='bbox 610 2270 744 2349; x_wconf 67' lang='lat' dir='ltr'><strong>prasidio</strong></span> <span class='ocrx_word' id='word_1_161' title='bbox 758 2269 901 2346; x_wconf 89' lang='lat' dir='ltr'><strong>damnato,</strong></span> <span class='ocrx_word' id='word_1_162' title='bbox 915 2269 1087 2348; x_wconf 86' lang='lat' dir='ltr'><strong>petiverunt.</strong></span> <span class='ocrx_word' id='word_1_163' title='bbox 1116 2271 1160 2329; x_wconf 84' lang='lat' dir='ltr'><strong>At</strong></span> 
     </span>
     <span class='ocr_line' id='line_1_22' title="bbox 150 2363 1160 2444; baseline -0.005 -16"><span class='ocrx_word' id='word_1_164' title='bbox 150 2365 278 2428; x_wconf 75' lang='lat' dir='ltr'><strong>Oxartes</strong></span> <span class='ocrx_word' id='word_1_165' title='bbox 308 2365 454 2442; x_wconf 91' lang='lat' dir='ltr'><strong>trepidum</strong></span> <span class='ocrx_word' id='word_1_166' title='bbox 486 2365 714 2444; x_wconf 87' lang='lat' dir='ltr'><strong>diffidentemque</strong></span> <span class='ocrx_word' id='word_1_167' title='bbox 746 2365 830 2426; x_wconf 88' lang='lat' dir='ltr'><strong>rebus</strong></span> <span class='ocrx_word' id='word_1_168' title='bbox 864 2365 924 2425; x_wconf 91' lang='lat' dir='ltr'><strong>suis</strong></span> <span class='ocrx_word' id='word_1_169' title='bbox 958 2363 1160 2444; x_wconf 82' lang='lat' dir='ltr'><strong>Sysimithrem</strong></span> 
     </span>
     <span class='ocr_line' id='line_1_23' title="bbox 149 2459 1161 2538; baseline 0 -18"><span class='ocrx_word' id='word_1_170' title='bbox 149 2460 238 2537; x_wconf 74' lang='lat' dir='ltr'><strong>sopit</strong></span> <span class='ocrx_word' id='word_1_171' title='bbox 257 2459 375 2534; x_wconf 88' lang='lat' dir='ltr'><strong>hortari,</strong></span> <span class='ocrx_word' id='word_1_172' title='bbox 398 2461 460 2518; x_wconf 73' lang='lat' dir='ltr'><strong>²⁸ut</strong></span> <span class='ocrx_word' id='word_1_173' title='bbox 482 2460 577 2534; x_wconf 85' lang='lat' dir='ltr'><strong>fidem,</strong></span> <span class='ocrx_word' id='word_1_174' title='bbox 597 2461 684 2538; x_wconf 78' lang='lat' dir='ltr'><strong>quam</strong></span> <span class='ocrx_word' id='word_1_175' title='bbox 696 2460 757 2520; x_wconf 86' lang='lat' dir='ltr'><strong>vim</strong></span> <span class='ocrx_word' id='word_1_176' title='bbox 775 2459 972 2536; x_wconf 73' lang='lat' dir='ltr'><strong>Macedonum,</strong></span> <span class='ocrx_word' id='word_1_177' title='bbox 992 2460 1095 2518; x_wconf 87' lang='lat' dir='ltr'><strong>mallet</strong></span> <span class='ocrx_word' id='word_1_178' title='bbox 1113 2479 1161 2520; x_wconf 83' lang='lat' dir='ltr'><strong>ex·</strong></span> 
     </span>
     <span class='ocr_line' id='line_1_24' title="bbox 147 2555 1161 2632; baseline 0 -18"><span class='ocrx_word' id='word_1_179' title='bbox 147 2555 252 2632; x_wconf 81' lang='lat' dir='ltr'><strong>pariri3</strong></span> <span class='ocrx_word' id='word_1_180' title='bbox 287 2573 344 2614; x_wconf 87' lang='lat' dir='ltr'><strong>neu</strong></span> <span class='ocrx_word' id='word_1_181' title='bbox 376 2563 536 2614; x_wconf 85' lang='lat' dir='ltr'><strong>moraretur</strong></span> <span class='ocrx_word' id='word_1_182' title='bbox 562 2555 778 2614; x_wconf 78' lang='lat' dir='ltr'><strong>festinationem</strong></span> <span class='ocrx_word' id='word_1_183' title='bbox 804 2555 923 2616; x_wconf 81' lang='lat' dir='ltr'><strong>vintoris</strong></span> <span class='ocrx_word' id='word_1_184' title='bbox 956 2555 1103 2616; x_wconf 75' lang='lat' dir='ltr'><strong>exercitiis</strong></span> <span class='ocrx_word' id='word_1_185' title='bbox 1129 2556 1161 2614; x_wconf 90' lang='lat' dir='ltr'><strong>in</strong></span> 
     </span>
     <span class='ocr_line' id='line_1_25' title="bbox 149 2649 1162 2728; baseline 0 -18"><span class='ocrx_word' id='word_1_186' title='bbox 149 2649 266 2710; x_wconf 89' lang='lat' dir='ltr'><strong>Indiam</strong></span> <span class='ocrx_word' id='word_1_187' title='bbox 293 2649 455 2708; x_wconf 88' lang='lat' dir='ltr'><strong>tendentis:</strong></span> <span class='ocrx_word' id='word_1_188' title='bbox 489 2649 569 2708; x_wconf 72' lang='lat' dir='ltr'><strong>&#39;‘oui</strong></span> <span class='ocrx_word' id='word_1_189' title='bbox 595 2649 724 2728; x_wconf 88' lang='lat' dir='ltr'><strong>quisquis</strong></span> <span class='ocrx_word' id='word_1_190' title='bbox 751 2657 843 2709; x_wconf 87' lang='lat' dir='ltr'><strong>semet</strong></span> <span class='ocrx_word' id='word_1_191' title='bbox 869 2651 994 2728; x_wconf 86' lang='lat' dir='ltr'><strong>offerret,</strong></span> <span class='ocrx_word' id='word_1_192' title='bbox 1021 2652 1053 2710; x_wconf 91' lang='lat' dir='ltr'><strong>in</strong></span> <span class='ocrx_word' id='word_1_193' title='bbox 1079 2670 1162 2711; x_wconf 88' lang='lat' dir='ltr'><strong>suum</strong></span> 
     </span>
     <span class='ocr_line' id='line_1_26' title="bbox 149 2745 1161 2827; baseline 0.001 -21"><span class='ocrx_word' id='word_1_194' title='bbox 149 2753 235 2825; x_wconf 81' lang='lat' dir='ltr'><strong>eaput</strong></span> <span class='ocrx_word' id='word_1_195' title='bbox 253 2745 377 2806; x_wconf 84' lang='lat' dir='ltr'><strong>alienam</strong></span> <span class='ocrx_word' id='word_1_196' title='bbox 397 2745 508 2806; x_wconf 82' lang='lat' dir='ltr'><strong>sladem</strong></span> <span class='ocrx_word' id='word_1_197' title='bbox 528 2763 591 2805; x_wconf 89' lang='lat' dir='ltr'><strong>esse</strong></span> <span class='ocrx_word' id='word_1_198' title='bbox 604 2763 760 2806; x_wconf 87' lang='lat' dir='ltr'><strong>versurum.</strong></span> <span class='ocrx_word' id='word_1_199' title='bbox 802 2746 844 2805; x_wconf 79' lang='lat' dir='ltr'><strong>Et</strong></span> <span class='ocrx_word' id='word_1_200' title='bbox 865 2747 927 2824; x_wconf 89' lang='lat' dir='ltr'><strong>ipse</strong></span> <span class='ocrx_word' id='word_1_201' title='bbox 947 2747 1063 2827; x_wconf 88' lang='lat' dir='ltr'><strong>quidem</strong></span> <span class='ocrx_word' id='word_1_202' title='bbox 1084 2747 1161 2826; x_wconf 64' lang='lat' dir='ltr'><strong>synt</strong></span> 
     </span>
     <span class='ocr_line' id='line_1_27' title="bbox 149 2840 1162 2922; baseline 0 -21"><span class='ocrx_word' id='word_1_203' title='bbox 149 2843 271 2902; x_wconf 85' lang='lat' dir='ltr'><strong>mithres</strong></span> <span class='ocrx_word' id='word_1_204' title='bbox 301 2841 507 2903; x_wconf 79' lang='lat' dir='ltr'><strong>²⁵dsditionem</strong></span> <span class='ocrx_word' id='word_1_205' title='bbox 536 2840 696 2902; x_wconf 75' lang='lat' dir='ltr'><strong>annuebat:</strong></span> <span class='ocrx_word' id='word_1_206' title='bbox 730 2845 865 2900; x_wconf 81' lang='lat' dir='ltr'><strong>eaetertm</strong></span> <span class='ocrx_word' id='word_1_207' title='bbox 890 2849 984 2902; x_wconf 88' lang='lat' dir='ltr'><strong>mater</strong></span> <span class='ocrx_word' id='word_1_208' title='bbox 1009 2843 1162 2922; x_wconf 86' lang='lat' dir='ltr'><strong>eademqne</strong></span> 
     </span>
     <span class='ocr_line' id='line_1_28' title="bbox 150 2935 1163 3016; baseline 0 -20"><span class='ocrx_word' id='word_1_209' title='bbox 150 2939 257 3013; x_wconf 83' lang='lat' dir='ltr'><strong>nonjux</strong></span> <span class='ocrx_word' id='word_1_210' title='bbox 278 2938 449 2998; x_wconf 88' lang='lat' dir='ltr'><strong>morituram</strong></span> <span class='ocrx_word' id='word_1_211' title='bbox 469 2955 500 2998; x_wconf 91' lang='lat' dir='ltr'><strong>se</strong></span> <span class='ocrx_word' id='word_1_212' title='bbox 522 2939 589 2996; x_wconf 74' lang='lat' dir='ltr'><strong>ante</strong></span> <span class='ocrx_word' id='word_1_213' title='bbox 611 2935 785 2996; x_wconf 81' lang='lat' dir='ltr'><strong>denuntians</strong></span> <span class='ocrx_word' id='word_1_214' title='bbox 798 2939 886 3016; x_wconf 75' lang='lat' dir='ltr'><strong>quam</strong></span> <span class='ocrx_word' id='word_1_215' title='bbox 907 2937 1039 2997; x_wconf 89' lang='lat' dir='ltr'><strong>inullius</strong></span> <span class='ocrx_word' id='word_1_216' title='bbox 1052 2937 1163 2998; x_wconf 86' lang='lat' dir='ltr'><strong>veniret</strong></span> 
     </span>
     <span class='ocr_line' id='line_1_29' title="bbox 150 3031 1171 3112; baseline 0 -22"><span class='ocrx_word' id='word_1_217' title='bbox 150 3037 331 3110; x_wconf 84' lang='lat' dir='ltr'><strong>potestatem,</strong></span> <span class='ocrx_word' id='word_1_218' title='bbox 346 3032 469 3094; x_wconf 87' lang='lat' dir='ltr'><strong>Barbari</strong></span> <span class='ocrx_word' id='word_1_219' title='bbox 491 3033 616 3092; x_wconf 90' lang='lat' dir='ltr'><strong>animum</strong></span> <span class='ocrx_word' id='word_1_220' title='bbox 636 3031 674 3092; x_wconf 87' lang='lat' dir='ltr'><strong>ad</strong></span> <span class='ocrx_word' id='word_1_221' title='bbox 694 3032 859 3093; x_wconf 87' lang='lat' dir='ltr'><strong>honestiora</strong></span> <span class='ocrx_word' id='word_1_222' title='bbox 871 3035 958 3112; x_wconf 78' lang='lat' dir='ltr'><strong>quam</strong></span> <span class='ocrx_word' id='word_1_223' title='bbox 971 3034 1080 3091; x_wconf 88' lang='lat' dir='ltr'><strong>tutiora</strong></span> <span class='ocrx_word' id='word_1_224' title='bbox 1099 3039 1171 3092; x_wconf 65' lang='lat' dir='ltr'><strong>oeni</strong></span> 
     </span>
     <span class='ocr_line' id='line_1_30' title="bbox 150 3126 1162 3206; baseline -0.004 -18"><span class='ocrx_word' id='word_1_225' title='bbox 150 3133 297 3188; x_wconf 77' lang='lat' dir='ltr'><strong>verterat:</strong></span> <span class='ocrx_word' id='word_1_226' title='bbox 325 3127 510 3206; x_wconf 86' lang='lat' dir='ltr'><strong>pudebatque</strong></span> <span class='ocrx_word' id='word_1_227' title='bbox 536 3127 680 3188; x_wconf 86' lang='lat' dir='ltr'><strong>libertatis</strong></span> <span class='ocrx_word' id='word_1_228' title='bbox 706 3130 801 3205; x_wconf 87' lang='lat' dir='ltr'><strong>majus</strong></span> <span class='ocrx_word' id='word_1_229' title='bbox 828 3147 890 3187; x_wconf 85' lang='lat' dir='ltr'><strong>ossa</strong></span> <span class='ocrx_word' id='word_1_230' title='bbox 918 3126 994 3202; x_wconf 88' lang='lat' dir='ltr'><strong>apud</strong></span> <span class='ocrx_word' id='word_1_231' title='bbox 1019 3126 1162 3202; x_wconf 85' lang='lat' dir='ltr'><strong>foeminas,</strong></span> 
     </span>
     <span class='ocr_line' id='line_1_31' title="bbox 150 3218 1163 3304; baseline -0.002 -22"><span class='ocrx_word' id='word_1_232' title='bbox 150 3223 238 3304; x_wconf 77' lang='lat' dir='ltr'><strong>quam</strong></span> <span class='ocrx_word' id='word_1_233' title='bbox 252 3220 328 3299; x_wconf 90' lang='lat' dir='ltr'><strong>apud</strong></span> <span class='ocrx_word' id='word_1_234' title='bbox 340 3221 427 3296; x_wconf 80' lang='lat' dir='ltr'><strong>viros,</strong></span> <span class='ocrx_word' id='word_1_235' title='bbox 442 3223 462 3252; x_wconf 76' lang='lat'><strong>²⁸</strong></span> <span class='ocrx_word' id='word_1_236' title='bbox 473 3223 605 3299; x_wconf 92' lang='lat' dir='ltr'><strong>pretium.</strong></span> <span class='ocrx_word' id='word_1_237' title='bbox 634 3223 739 3302; x_wconf 83' lang='lat' dir='ltr'><strong>Itaque</strong></span> <span class='ocrx_word' id='word_1_238' title='bbox 749 3223 868 3282; x_wconf 87' lang='lat' dir='ltr'><strong>dimisso</strong></span> <span class='ocrx_word' id='word_1_239' title='bbox 881 3218 1058 3279; x_wconf 79' lang='lat' dir='ltr'><strong>internuntio</strong></span> <span class='ocrx_word' id='word_1_240' title='bbox 1072 3219 1163 3296; x_wconf 79' lang='lat' dir='ltr'><strong>panis,</strong></span> 
     </span>
     <span class='ocr_line' id='line_1_32' title="bbox 152 3313 1164 3396; baseline -0.002 -18"><span class='ocrx_word' id='word_1_241' title='bbox 152 3317 330 3380; x_wconf 88' lang='lat' dir='ltr'><strong>obsidionem</strong></span> <span class='ocrx_word' id='word_1_242' title='bbox 349 3316 424 3376; x_wconf 81' lang='lat' dir='ltr'><strong>farra</strong></span> <span class='ocrx_word' id='word_1_243' title='bbox 447 3315 620 3378; x_wconf 80' lang='lat' dir='ltr'><strong>demoverat.</strong></span> <span class='ocrx_word' id='word_1_244' title='bbox 662 3318 720 3378; x_wconf 82' lang='lat' dir='ltr'><strong>Sed</strong></span> <span class='ocrx_word' id='word_1_245' title='bbox 743 3319 812 3376; x_wconf 77' lang='lat' dir='ltr'><strong>etim</strong></span> <span class='ocrx_word' id='word_1_246' title='bbox 832 3314 923 3374; x_wconf 89' lang='lat' dir='ltr'><strong>hostis</strong></span> <span class='ocrx_word' id='word_1_247' title='bbox 942 3313 1018 3374; x_wconf 85' lang='lat' dir='ltr'><strong>vires</strong></span> <span class='ocrx_word' id='word_1_248' title='bbox 1042 3331 1164 3396; x_wconf 84' lang='lat' dir='ltr'><strong>suasque</strong></span> 
     </span>
     <span class='ocr_line' id='line_1_33' title="bbox 67 3410 1163 3494; baseline -0.004 -22"><span class='ocrx_word' id='word_1_249' title='bbox 67 3413 76 3423; x_wconf 92' lang='grc'><strong>’</strong></span> <span class='ocrx_word' id='word_1_250' title='bbox 152 3419 294 3494; x_wconf 85' lang='lat' dir='ltr'><strong>pausarat,</strong></span> <span class='ocrx_word' id='word_1_251' title='bbox 307 3413 409 3472; x_wconf 83' lang='lat' dir='ltr'><strong>rursbs</strong></span> <span class='ocrx_word' id='word_1_252' title='bbox 418 3411 569 3472; x_wconf 82' lang='lat' dir='ltr'><strong>muliebris</strong></span> <span class='ocrx_word' id='word_1_253' title='bbox 582 3413 705 3489; x_wconf 89' lang='lat' dir='ltr'><strong>oonsilii,</strong></span> <span class='ocrx_word' id='word_1_254' title='bbox 717 3411 793 3491; x_wconf 92' lang='lat' dir='ltr'><strong>quod</strong></span> <span class='ocrx_word' id='word_1_255' title='bbox 806 3413 964 3488; x_wconf 78' lang='lat' dir='ltr'><strong>&#39;&#39;praeosps</strong></span> <span class='ocrx_word' id='word_1_256' title='bbox 976 3410 1068 3490; x_wconf 85' lang='lat' dir='ltr'><strong>magis</strong></span> <span class='ocrx_word' id='word_1_257' title='bbox 1076 3412 1163 3490; x_wconf 75' lang='lat' dir='ltr'><strong>quim</strong></span> 
     </span>
     <span class='ocr_line' id='line_1_34' title="bbox 153 3505 1164 3584; baseline -0.006 -16"><span class='ocrx_word' id='word_1_258' title='bbox 153 3509 343 3569; x_wconf 79' lang='lat' dir='ltr'><strong>neeessariam</strong></span> <span class='ocrx_word' id='word_1_259' title='bbox 363 3525 424 3568; x_wconf 86' lang='lat' dir='ltr'><strong>esse</strong></span> <span class='ocrx_word' id='word_1_260' title='bbox 445 3505 587 3581; x_wconf 80' lang='lat' dir='ltr'><strong>eradebat,</strong></span> <span class='ocrx_word' id='word_1_261' title='bbox 610 3507 749 3584; x_wconf 87' lang='lat' dir='ltr'><strong>poenitera</strong></span> <span class='ocrx_word' id='word_1_262' title='bbox 773 3525 838 3564; x_wconf 89' lang='lat' dir='ltr'><strong>eum</strong></span> <span class='ocrx_word' id='word_1_263' title='bbox 860 3505 954 3583; x_wconf 85' lang='lat' dir='ltr'><strong>eoepit.</strong></span> <span class='ocrx_word' id='word_1_264' title='bbox 1006 3505 1164 3566; x_wconf 84' lang='lat' dir='ltr'><strong>Revooato·</strong></span> 
     </span>
     <span class='ocr_line' id='line_1_35' title="bbox 152 3599 1163 3682; baseline -0.006 -18"><span class='ocrx_word' id='word_1_265' title='bbox 152 3623 209 3682; x_wconf 84' lang='lat' dir='ltr'><strong>qus</strong></span> <span class='ocrx_word' id='word_1_266' title='bbox 222 3604 338 3664; x_wconf 56' lang='lat' dir='ltr'><strong>manue</strong></span> <span class='ocrx_word' id='word_1_267' title='bbox 353 3601 471 3678; x_wconf 83' lang='lat' dir='ltr'><strong>Oxarte,</strong></span> <span class='ocrx_word' id='word_1_268' title='bbox 484 3601 615 3661; x_wconf 87' lang='lat' dir='ltr'><strong>futurum</strong></span> <span class='ocrx_word' id='word_1_269' title='bbox 638 3619 669 3660; x_wconf 90' lang='lat' dir='ltr'><strong>ae</strong></span> <span class='ocrx_word' id='word_1_270' title='bbox 682 3599 713 3658; x_wconf 94' lang='lat' dir='ltr'><strong>in</strong></span> <span class='ocrx_word' id='word_1_271' title='bbox 726 3599 817 3679; x_wconf 86' lang='lat' dir='ltr'><strong>Regis</strong></span> <span class='ocrx_word' id='word_1_272' title='bbox 838 3606 981 3679; x_wconf 83' lang='lat' dir='ltr'><strong>potestate</strong></span> <span class='ocrx_word' id='word_1_273' title='bbox 1000 3599 1163 3679; x_wconf 90' lang='lat' dir='ltr'><strong>respondit:</strong></span> 
     </span>
     <span class='ocr_line' id='line_1_36' title="bbox 153 3695 1165 3776; baseline -0.002 -20"><span class='ocrx_word' id='word_1_274' title='bbox 153 3717 242 3756; x_wconf 89' lang='lat' dir='ltr'><strong>unum</strong></span> <span class='ocrx_word' id='word_1_275' title='bbox 264 3705 405 3776; x_wconf 78' lang='lat' dir='ltr'><strong>precatus,</strong></span> <span class='ocrx_word' id='word_1_276' title='bbox 419 3717 455 3757; x_wconf 89' lang='lat' dir='ltr'><strong>ne</strong></span> <span class='ocrx_word' id='word_1_277' title='bbox 476 3697 654 3759; x_wconf 83' lang='lat' dir='ltr'><strong>voluntatem</strong></span> <span class='ocrx_word' id='word_1_278' title='bbox 676 3703 706 3756; x_wconf 90' lang='lat' dir='ltr'><strong>et</strong></span> <span class='ocrx_word' id='word_1_279' title='bbox 729 3695 881 3756; x_wconf 84' lang='lat' dir='ltr'><strong>eonsilium</strong></span> <span class='ocrx_word' id='word_1_280' title='bbox 901 3696 1002 3756; x_wconf 89' lang='lat' dir='ltr'><strong>matris</strong></span> <span class='ocrx_word' id='word_1_281' title='bbox 1023 3715 1082 3755; x_wconf 79' lang='lat' dir='ltr'><strong>suaa</strong></span> <span class='ocrx_word' id='word_1_282' title='bbox 1100 3711 1165 3772; x_wconf 90' lang='lat' dir='ltr'><strong>pro·</strong></span> 
     </span>
     <span class='ocr_line' id='line_1_37' title="bbox 154 3789 1166 3872; baseline 0.002 -24"><span class='ocrx_word' id='word_1_283' title='bbox 154 3789 243 3863; x_wconf 86' lang='lat' dir='ltr'><strong>deret,</strong></span> <span class='ocrx_word' id='word_1_284' title='bbox 264 3795 320 3868; x_wconf 81' lang='lat' dir='ltr'><strong>qud</strong></span> <span class='ocrx_word' id='word_1_285' title='bbox 340 3793 458 3853; x_wconf 79' lang='lat' dir='ltr'><strong>faoilibs</strong></span> <span class='ocrx_word' id='word_1_286' title='bbox 470 3793 556 3855; x_wconf 85' lang='lat' dir='ltr'><strong>venia</strong></span> <span class='ocrx_word' id='word_1_287' title='bbox 576 3792 622 3852; x_wconf 90' lang='lat' dir='ltr'><strong>illi</strong></span> <span class='ocrx_word' id='word_1_288' title='bbox 644 3810 755 3872; x_wconf 82' lang='lat' dir='ltr'><strong>quoque</strong></span> <span class='ocrx_word' id='word_1_289' title='bbox 776 3791 985 3871; x_wconf 70' lang='lat' dir='ltr'><strong>impetrarem.</strong></span> <span class='ocrx_word' id='word_1_290' title='bbox 1032 3789 1166 3850; x_wconf 84' lang='lat' dir='ltr'><strong>Praemis-</strong></span> 
     </span>
    </p>
   </div>
   <div class='ocr_carea' id='block_1_3' title="bbox 0 0 1345 4386">
    <p class='ocr_par' dir='ltr' id='par_1_3' title="bbox 0 0 1345 4386">
     <span class='ocr_line' id='line_1_38' title="bbox 0 0 1345 4386; baseline 0 0"><span class='ocrx_word' id='word_1_291' title='bbox 0 0 1345 4386; x_wconf 95' lang='lat' dir='ltr'><strong> </strong></span> 
     </span>
    </p>
   </div>
  </div>
 </body>
</html>
