2520 4390
353 301 473 346 nrana
500 302 749 348 v11.⁴err..v.
1005 285 1059 346 155

77 441 138 502 nolli
147 445 272 520 juvenum
284 441 492 520 postferendos.
535 439 568 516 Ia
582 441 668 522 galea
676 439 801 520 'dempta
815 439 953 502 canitiem
966 445 1059 504 osten·

76 547 136 610 tans,
155 538 289 612 “Venit”
313 539 417 617 iuquit,
442 538 542 613 “dies,
567 557 634 616 quo,
656 544 708 596 ant
727 537 860 612 viatoria,
882 544 934 596 aut
965 543 1060 596 morte

72 633 256 707 honestissima,
283 633 384 711 quales
416 632 524 692 amieos
551 639 582 691 et
611 631 720 692 milites
745 631 913 692 Alexander
943 631 1058 706 habeat,

72 729 223 787 ostendam.”
275 727 338 787 Neo
365 727 452 806 plura
483 723 626 802 elocutus,
654 745 761 805 equum
787 727 818 788 in
845 727 971 796 bostem¹
986 727 1056 804 egit

72 822 192 883 Crederes
204 823 382 901 imperatum,
396 830 431 882 ut
444 822 520 882 eoies
539 829 672 902 utraeque
686 822 746 882 tela
767 822 944 883 eobiberent.
986 821 1057 884 Pro

69 919 139 976 timis
159 921 227 978 esrte
247 925 438 993 reoesserunt,
453 918 521 978 dato
543 918 636 978 libero
656 918 760 995 spatio,
776 917 912 984 ¹'intenti
933 918 963 976 ia
977 937 1057 976 evea-

67 1022 126 1088 tum,v
140 1006 190 1074 nori
210 1015 332 1074 duorum
354 1015 450 1089 modo,
470 1013 523 1074 sed
545 1014 635 1074 etiam
656 1033 719 1074 sues
735 1013 841 1090 sortis;
862 1013 969 1092 quippe
991 1012 1057 1072 ulie·

67 1129 122 1168 nun
143 1110 287 1170 discrimen
315 1111 451 1171 soouturi.
508 1109 597 1170 Prior
622 1108 771 1170 Barbarus
797 1108 897 1170 emisit
924 1108 1055 1184 bastamr

67 1225 137 1283 luam
151 1205 282 1283 Erigyius
298 1203 421 1267 mediet
435 1203 541 1280 eapitis
562 1201 759 1268 deelinatione
773 1203 887 1264 vitavit.
929 1203 975 1262 Aa
994 1202 1057 1280 ipae

68 1301 182 1358 alestam
203 1299 346 1372 sarisesm,
360 1317 435 1376 equo
449 1297 612 1358 balearibus
634 1297 757 1371 beneito,
771 1297 803 1356 in
823 1297 919 1359 medio
933 1296 1059 1356 Barbari

68 1395 198 1472 'gutture
220 1394 264 1450 ira
284 1393 359 1466 fixit,
373 1399 408 1452 ut
431 1413 484 1470 per
504 1393 644 1454 eervioem
664 1391 813 1452 emineret.
855 1392 1073 1470 haeepinrne·

67 1509 91 1546 rx
105 1507 174 1568 equo
188 1487 333 1550 Barbarus
355 1488 449 1548 adhue
464 1495 561 1548 tamen
580 1487 767 1566 repugnabat.
811 1486 870 1548 Sed
884 1487 936 1546 ille
948 1495 1058 1548 extruo

67 1605 110 1642 am
133 1603 167 1641 ex
186 1583 301 1642 vnlnere
325 1581 438 1642 hastam
460 1602 562 1642 rursus
583 1583 615 1642 in
635 1602 668 1642 os
693 1581 800 1662 dirigit.
854 1581 1057 1644 Satibarzanen

70 1686 157 1738 astam
169 1695 253 1738 manu
266 1677 444 1756 eonplexus,
458 1679 516 1758 quo
529 1678 677 1738 maturius
701 1677 843 1752 interiret,
857 1677 949 1739 istum
962 1676 1056 1740 hostis

67 1773 171 1850 djuvit:
185 1783 187 1788 ’
202 1780 232 1833 et
254 1773 387 1848 Barbari,
411 1774 484 1832 duee
505 1773 620 1850 amisso,
642 1791 729 1852 quem
749 1772 844 1852 magis
871 1771 1055 1848 nenessitate

67 1872 131 1928 uam
152 1875 253 1946 sponte
275 1869 369 1930 seenti
389 1876 482 1944 erant,
498 1875 568 1930 tono
588 1869 667 1930 haud
687 1869 871 1946 immemores
884 1868 1056 1935 meritorum

67 1964 208 2039 ‚lexandri
229 1983 311 2024 arma
333 1965 454 2044 Erigyio
478 1965 608 2026 tradunt.
658 1964 727 2048 Iter
748 1965 796 2024 bis
819 1964 937 2043 quidem
958 1963 1054 2036 laetus,

67 2079 78 2116 e
102 2057 252 2135 Spartanis
273 2059 494 2136 haudquaquam
510 2077 639 2132 securos,
653 2078 759 2136 magno
771 2065 869 2116 temen
891 2057 1045 2126 unimode

67 2153 192 2224 ationem
219 2171 319 2212 eornm
350 2152 429 2229 tulit,
461 2152 570 2226 dioens,
604 2151 702 2212 “Non
728 2151 795 2210 autb
823 2169 910 2212 ausos
935 2151 1057 2212 eonsilia

67 2247 159 2320 idere,
173 2247 260 2326 quiam
281 2247 378 2324 ipsum
390 2247 428 2305 ad
441 2247 514 2306 fines
527 2246 623 2308 Indiae
643 2247 808 2324 pervenisse
828 2247 1055 2326 cognovisseut”

67 2361 107 2401 »se
121 2340 249 2402 Bessum
272 2361 458 2420 persequens,
480 2341 577 2419 eopias
599 2341 707 2402 morit:
731 2341 780 2402 oui
800 2340 940 2419 Erigyius
961 2341 1056 2420 spolia

67 2424 169 2512 arbori,
184 2457 239 2496 eeu
254 2438 411 2516 ¹⁷opimum
425 2437 500 2498 belli.
510 2437 601 2498 deoua
613 2437 779 2516 preferens,
789 2437 925 2500 ooourrit.

91 2533 130 2594 V.
169 2535 213 2593 18.
247 2533 347 2612 Igitur
368 2533 592 2595 Bactrianorum
613 2533 730 2612 regions
757 2533 904 2594 Artabm
932 2532 1053 2610 tradita,

67 2629 160 2689 :eines
175 2629 431 2708 etimpedimenta
444 2629 486 2688 ibi
500 2647 566 2688 oum
579 2629 715 2707 praesidio
725 2628 854 2707 reliquit.
896 2627 966 2706 Ipse
986 2649 1053 2690 enm

67 2725 169 2801 pedite
192 2725 309 2804 agmine
331 2725 396 2785 loen
418 2725 534 2785 deserta
556 2724 1054 2804 Sogdianorumintratnooturno

67 2839 134 2878 rere
149 2821 315 2880 exereitum
329 2819 445 2882 dumos.
488 2820 643 2898 Aquarum
657 2819 704 2894 (ut
717 2819 787 2876 autb
808 2817 920 2876 dietum
933 2820 992 2896 est)
1006 2838 1053 2896 pe-

67 2913 121 2989 ria,
149 2914 259 2990 ¹prius
284 2914 495 2990 desperatione,
523 2915 613 2993 quim
640 2912 786 2977 desiderio
816 2912 944 2988 bibendi,
972 2913 1053 2978 sitim

67 3008 170 3068 endis.
189 3059 194 3069 .
217 3008 278 3068 Per
290 3008 613 3090 quadringentastadia
625 3027 664 3068 ne
676 3007 807 3069 modiane
816 2997 935 3088 quidem
947 3009 1052 3072 humor

67 3104 136 3164 stit.
184 3103 306 3164 Arenae
319 3121 408 3180 vapor
422 3103 521 3174 aestivi
531 3103 600 3166 selis
621 3103 760 3179 arsenoite,
774 3124 839 3184 quas
858 3105 909 3166 ubi
929 3106 1051 3187 flagrare

67 3205 187 3277 perant,
202 3198 286 3260 baud
300 3199 388 3258 saeris
401 3199 491 3276 quim
504 3197 664 3258 eontinenti
677 3198 810 3260 inoendio
821 3209 926 3262 anneta
940 3209 1051 3262 torren-

67 3340 73 3352 .
121 3293 257 3374 'caiigo
272 3293 388 3373 demde,
403 3292 558 3355 immodieo
577 3299 662 3356 terrae
681 3294 792 3356 fervore
805 3298 941 3370 exeitata,
956 3296 1051 3354 luoem

67 3391 113 3450 it:
136 3409 375 3470 temporumque
387 3399 446 3452 n'ou
459 3389 518 3453 alia
529 3391 706 3470 qubmrasti
719 3399 750 3450 et
759 3393 898 3470 profundi
923 3389 1051 3466 aquaria

67 3486 131 3546 eise
146 3493 210 3546 est.
255 3485 440 3548 Nootornnm
463 3485 520 3546 iter
540 3487 693 3552 tolerabile
715 3487 879 3558 videbatur,
893 3483 962 3563 quia
984 3501 1050 3542 rore

67 3581 221 3640 aututino
233 3580 343 3660 frigore
362 3601 485 3660 eorpora
501 3581 683 3646 levabantur.
727 3581 878 3642 caeoernm
898 3595 963 3636 eum
985 3578 1050 3656 ipss

67 3699 72 3733 r
98 3685 209 3736 aestus
233 3678 337 3751 oritur,
351 3697 521 3758 omnemque
543 3679 706 3739 naturalem
733 3674 872 3738 absorbet
900 3672 1050 3734 humorem

67 3773 132 3832 itas
148 3791 156 3831 :
175 3792 235 3832 ora
249 3771 417 3853 viseeraque
431 3775 549 3852 penitus
562 3779 694 3834 uruntur.
719 3769 825 3846 Itaque
839 3767 975 3845 primum,
990 3769 1047 3830 ani·
