2520 4390
204 280 243 340 88
553 293 692 345 curari
721 291 862 336 ousrrr
1253 351 1254 384 1

202 435 291 494 simul
302 435 316 492 l
326 435 341 466 '²
384 433 454 496 dam
467 433 544 493 inter
556 433 619 494 haec
633 433 743 492 eminus
757 432 911 512 petebatur
923 451 929 510 ;
952 451 1027 508 eum,
1046 433 1222 494 testitudine
1253 461 1254 514 p

202 530 329 608 objectet,
344 519 461 606 milites,
483 529 543 608 qui,
558 536 592 588 ut
615 527 684 588 inde
711 527 882 603 discederet,
902 527 1067 605 perpellere
1092 529 1215 608 nequire
1253 521 1254 534 ἶ

202 631 278 698 rant,
293 624 460 684 tuebantur.

264 721 307 778 ll.
332 719 462 779 Tandem
478 719 596 778 Tauron
606 738 693 796 snper
707 737 801 776 arcem
816 717 896 777 urbis
910 737 941 776 se
956 737 1021 776 curn
1036 737 1095 778 suo
1111 721 1219 798 agmine

200 815 349 876 ostendit:
371 815 409 874 ad
422 817 505 893 cujus
520 820 715 891 conspectum,
736 820 767 870 et
791 813 880 870 animi
904 811 1033 872 hostium
1058 813 1175 888 labare,
1195 825 1219 874 et

202 909 376 970 Macedones
391 911 489 968 acrids
504 909 637 987 praelium
658 908 732 968 inire
746 914 903 986 coeperunt.
947 908 1090 986 'Anceps
1105 911 1218 988 oppida·

198 1025 250 1064 nos
262 1007 370 1064 melum
383 1005 513 1084 urgebat,
528 1024 581 1063 nee
596 1004 662 1063 sisti
676 1005 720 1064 vis
734 1003 862 1062 hostium
886 1010 1008 1080 poterat.
1054 1003 1173 1066 Paucis
1187 1007 1217 1064 sd

198 1101 388 1174 moriendum,
402 1101 535 1178 pluribus
549 1099 586 1158 ad
606 1100 705 1179 fugam
719 1098 832 1160 animus
855 1099 921 1158 fuit.
965 1098 1077 1176 Magna
1101 1103 1217 1178 parsin
1253 1135 1254 1168 r

198 1217 293 1255 arcem
307 1197 457 1256 concessit.
500 1195 576 1255 Inde
591 1195 713 1274 triginta
727 1194 890 1254 oratoribus
903 1193 1000 1252 missis
1012 1195 1049 1252 ad
1067 1197 1215 1274 deprecan-

198 1291 276 1367 dum,
291 1293 376 1352 triste
389 1311 561 1370 responsum
573 1309 591 1350 e
605 1291 688 1370 Rege
701 1290 844 1363 redditur,
855 1309 912 1348 non
926 1307 988 1348 esse
1001 1291 1101 1350 veniae
1115 1291 1214 1352 locum.

197 1388 302 1469 Itaque
329 1389 536 1468 suppliciorum
563 1393 644 1446 metu
677 1385 812 1463 perculsi,
840 1384 878 1443 ad
907 1384 1108 1464 Sisygambim
1138 1388 1215 1447 Darii

197 1493 329 1554 matrem,
357 1485 471 1544 occulto
499 1484 612 1556 itinere,
641 1482 798 1560 ignotoque
831 1479 973 1554 hostibus,
1001 1481 1143 1559 mittunt,
1173 1484 1214 1564 qui

197 1587 340 1656 peterent,
355 1586 389 1636 ut
411 1579 475 1655 ipsa
489 1577 602 1655 Regem
615 1576 773 1653 mitigaret,
788 1575 866 1634 hand
880 1575 977 1652 ignari
997 1579 1135 1652 parentis
1159 1600 1214 1638 ean

197 1672 260 1730 loco
286 1673 378 1750 diligi,
392 1673 513 1750 colique.
557 1671 599 1731 llt
623 1669 758 1730 Medates
784 1671 891 1730 sororis
917 1673 979 1748 ejus
1000 1671 1094 1732 filiam
1120 1694 1213 1734 secum

195 1767 379 1826 matrimonio
401 1769 546 1844 junxerat,
567 1754 692 1824 Darium·
714 1767 876 1846 propinquet
904 1767 1077 1843 cognatione
1108 1773 1214 1830 contin·

196 1881 275 1940 gens.
337 1861 398 1920 Did
434 1860 613 1938 Sirygembis
647 1861 812 1937 supplicum
846 1862 981 1938 precibus
1015 1867 1212 1942 repugnavit;

195 1956 344 2016 ⁶abnuens
369 1957 600 2034 deprecationem
622 1976 674 2034 pro
689 1957 750 2015 illis
774 1957 925 2016 convenire
949 1957 1088 2032 fortnnm,
1104 1961 1138 2018 in
1162 1965 1213 2040 qut

195 2060 293 2112 esset:
329 2053 502 2132 adjecitque,
530 2060 661 2111 metuere
696 2071 759 2111 sese
787 2073 823 2112 ne
851 2053 970 2112 victoris
997 2053 1213 2133 indulgentiam

195 2149 340 2232 fatigaret,
357 2151 521 2230 saepiusque
535 2150 671 2228 cogitare,
687 2147 832 2225 captivam
844 2167 907 2206 esse
921 2168 961 2224 se,
976 2148 1065 2228 qnam
1082 2152 1212 2230 reginem

194 2247 293 2306 fuisse.
337 2247 388 2306 Ad
411 2246 547 2305 ultimum
571 2245 657 2320 victe,
682 2243 789 2302 litteris
810 2243 1014 2302 Alexandrum
1038 2245 1085 2302 ita
1117 2249 1211 2326 depre

194 2350 259 2398 cata
282 2349 335 2414 est,
363 2349 398 2398 ut
422 2342 514 2418 ipsam
540 2346 692 2398 excusaret
717 2339 795 2418 quod
816 2339 1038 2416 deprecaretur:
1059 2349 1211 2417 peterere

193 2442 228 2491 ut
250 2435 311 2492 illis
324 2455 446 2514 quoque,
461 2435 507 2492 ⁷si
530 2435 636 2510 minus,
652 2434 710 2494 sibi
732 2435 911 2512 ignosceret:
932 2455 984 2512 pro
998 2439 1169 2498 necessario
1183 2457 1212 2498 ac

193 2528 355 2606 propinquo
383 2548 445 2601 suo,
470 2529 531 2604 jam
555 2547 612 2586 non
637 2529 728 2603 hoste,
754 2529 806 2588 sed
827 2530 956 2607 supplice
984 2535 1101 2590 tantum
1123 2535 1213 2594 vitam

193 2623 314 2702 precari.
368 2623 597 2682 Moderationem
622 2623 862 2704 clementiamque
892 2625 993 2703 Regis,
1022 2625 1114 2705 ‘quae
1147 2640 1213 2688 tnnc

193 2720 260 2796 fnit,
283 2719 330 2780 vel
353 2739 410 2779 nna
434 2717 496 2778 haec
519 2738 566 2777 res
588 2719 681 2796 possit
702 2721 873 2779 ostendere:
895 2740 952 2779 non
981 2722 1100 2782 Medati
1128 2725 1213 2784 modd

193 2818 314 2896 ignovit,
330 2817 381 2876 sed
395 2835 493 2875 omnes
508 2821 538 2873 et
553 2802 668 2874 deditos
691 2822 721 2873 et
741 2817 871 2892 captivos
895 2815 1034 2876 libertate
1056 2825 1152 2898 atque
1167 2823 1213 2880 im-
1253 2847 1254 2850 ¹

192 2915 333 2972 munitate
348 2913 475 2987 donavit,
490 2912 591 2972 urbem
602 2911 722 2989 reliquit
737 2911 895 2970 intectam:
917 2931 1003 2990 egros
1017 2913 1081 2972 sine
1097 2917 1213 2976 tributo
1253 2897 1254 2910 ἵ

192 3007 286 3066 colere
299 3009 437 3084 permisit.
480 3009 490 3037 ⁰
501 3008 532 3065 A
545 3007 655 3067 victore
670 3005 760 3064 Dario
781 3006 866 3083 plura
879 3014 971 3066 mater
984 3027 1041 3065 non
1055 3008 1214 3087 impetras·

194 3109 246 3160 set.
290 3102 434 3162 Uxiorum
456 3101 561 3162 deinde
584 3108 700 3180 gentem
722 3102 880 3176 subactam,
897 3101 1088 3162 Susianorum
1114 3106 1213 3165 Satra-

192 3198 249 3274 piae
275 3197 294 3226 ¹⁰
302 3197 478 3256 contribuit:
510 3198 669 3277 divisisque
693 3217 758 3256 oum
786 3196 979 3257 Parmenione
1002 3199 1103 3276 copiis,
1128 3202 1214 3262 illum

193 3292 349 3370 campestri
362 3291 466 3350 itinere
488 3291 642 3369 procedere
663 3293 767 3369 jubet:
788 3292 849 3370 ipse
863 3311 929 3352 cum
943 3294 1078 3371 expedito
1092 3299 1215 3374 agmine

193 3406 195 3412 ’
199 3391 302 3468 jugum
322 3385 463 3444 montium
483 3387 569 3464 cepit,
591 3407 716 3466 quorum
737 3395 910 3466 perpetuum
925 3388 1043 3447 dorsum
1057 3389 1089 3448 in
1112 3391 1214 3452 Persi·

190 3484 256 3542 deur
270 3481 406 3542 excurrit.

255 3585 297 3638 12.
328 3577 417 3640 Omni
449 3576 503 3636 hae
531 3575 648 3654 regione
681 3581 808 3652 vastate,
836 3576 924 3636 tertio
959 3577 1007 3636 die
1041 3577 1215 3658 Persidem,

188 3675 291 3750 quinto
319 3673 477 3752 angustias,
504 3689 576 3751 quas
603 3671 648 3729 illi
678 3672 808 3732 Susidas
836 3671 935 3750 Pylas
961 3679 1075 3746 vocant,
1104 3673 1212 3736 intrat

189 3767 402 3827 Ariobarzanes
415 3769 468 3827 hes
482 3788 548 3828 cum
562 3767 668 3847 viginti
682 3769 810 3847 quinquo
832 3768 962 3829 millibus
977 3768 1110 3845 peditum
1126 3791 1214 3832 occu·
