2520 4390
174 297 216 358 82
524 311 662 362 cursui
692 311 832 350 conum

174 473 231 532 que
246 452 333 512 etiam
347 452 482 530 moriano
491 449 596 528 praelio
616 447 747 523 calabris,
762 455 792 507 et
815 455 934 508 scama
948 447 988 508 ad
1011 449 1207 510 deditione·

176 548 222 608 sui
249 547 422 606 incitaturus
449 545 584 621 exemplo
616 543 779 604 videbatur.
835 543 933 622 Igitur
966 543 1046 602 hune
1074 545 1206 623 quidem

175 642 296 720 benigne
325 661 389 700 oum
413 641 514 702 liberis
544 639 666 717 excepit.
720 637 869 701 (laetorum
895 639 1040 717 quadrato
1069 640 1203 718 agmine,

175 737 253 816 quod
277 737 339 814 ipse
364 736 495 810 ducebat,
509 733 593 795 velut
615 733 646 792 in
666 733 757 792 aciem
781 733 866 807 irent,
880 733 994 810 ingredi
1005 753 1077 792 suos
1097 735 1200 810 jubet

177 831 284 910 Magna
297 851 364 909 pars
378 829 609 908 Babyloniorum
622 829 790 888 constiterat
803 828 835 886 in
857 828 957 902 muris,
971 827 1060 886 avida
1074 847 1200 906 cognoe

176 927 260 986 cendi
281 945 386 986 novum
411 925 531 1003 Regem.
585 921 689 982 Plures
713 922 830 982 obviam
853 923 962 1000 egressi
984 929 1062 981 sunt.
1110 923 1200 982 Inter

176 1039 247 1098 quos
261 1019 461 1098 Bagophaues‚
477 1017 551 1076 areis
576 1024 607 1075 et
630 1017 718 1094 regias
732 1017 861 1094 pecuniae
885 1024 991 1091 custos,
1006 1036 1043 1075 uc
1058 1017 1168 1076 studio
1182 1038 1199 1076 a

178 1115 287 1174 Mazaeo
301 1116 473 1187 vinceretur,
483 1119 578 1172 totum
591 1113 648 1172 iter
661 1112 780 1172 floribus
794 1111 962 1190 coronisque
973 1117 1195 1188 constraverat;

176 1209 320 1288 argenteis
334 1207 475 1268 altaribus
498 1214 620 1286 utroque
644 1205 735 1264 latore
760 1205 919 1282 dispositis,
934 1226 1000 1284 quae
1021 1225 1084 1266 non
1105 1207 1196 1266 thure

176 1304 270 1378 modo,
286 1303 338 1363 sed
354 1303 486 1364 omnibus
500 1302 638 1362 odoribus
652 1301 857 1360 cumulaverat.
901 1300 979 1358 Eum
992 1301 1071 1358 dona
1092 1320 1195 1380 seque
1250 1355 1251 1384 ᾗ

176 1400 291 1475 bantur,
305 1417 408 1479 greges
431 1417 575 1478 pecorum,
590 1415 801 1476 equorumque:
822 1395 922 1456 leones
942 1403 1106 1473 quoquest
1131 1417 1194 1474 par·

177 1495 257 1554 dales
272 1495 367 1554 caveis
378 1493 614 1571 praeferebantur.
643 1492 663 1520 ²⁰
676 1490 756 1569 Magi
768 1489 882 1564 deinde,
898 1509 950 1548 suo
963 1509 1043 1548 more
1058 1491 1194 1568 patrium

177 1609 292 1648 carmen
314 1595 456 1646 canentes.
500 1587 575 1645 Post
598 1586 651 1644 hos
673 1583 803 1644 Chaldaei
825 1584 1113 1663 Babyloniorumque
1135 1606 1193 1644 nou

176 1689 258 1741 vates
272 1681 358 1739 modo
372 1681 424 1738 sed
438 1681 526 1738 etiam
540 1679 674 1753 artifices,
689 1699 755 1738 cum
776 1679 883 1738 fidibus
898 1681 944 1738 sui
957 1679 1072 1758 generis
1088 1680 1191 1740 ibant:

177 1775 277 1834 laudes
291 1773 322 1831 hi
346 1773 461 1850 Regum
475 1792 577 1832 canere
600 1772 697 1848 soliti;
722 1772 853 1834 Chaldaei
877 1773 1004 1834 siderum
1029 1781 1141 1850 motus,
1163 1783 1192 1834 et

117 1860 121 1870 ’
178 1876 267 1930 statas
281 1875 443 1946 temporum
455 1868 533 1928 vices
554 1867 713 1946 ostendere.
757 1868 879 1948 Equites
894 1869 998 1928 deinde
1019 1868 1190 1946 Babylonii,

178 1983 230 2024 suo
257 1971 343 2042 atqua
370 1982 507 2042 equorum
534 1963 625 2039 cultu,
650 1963 719 2021 ”ad
733 1949 890 2022 ¹luxuriam
918 1963 1018 2040 magis,
1040 1967 1132 2042 quam
1154 1965 1190 2024 ad

177 2058 417 2138 magnificentiam
442 2063 552 2131 exacto,
575 2057 673 2116 ultimi
693 2058 782 2118 hant.
823 2057 890 2116 Rex
910 2057 1029 2116 armatis
1052 2059 1188 2137 stipatus,

178 2155 386 2234 oppidanorum
408 2154 521 2215 turbam
543 2160 611 2232 post
633 2153 751 2212 ultimos
775 2153 889 2229 pedites
912 2153 955 2210 ire
975 2153 1074 2230 jussit.
1120 2154 1189 2232 Ipsa

177 2251 198 2280 ²²
209 2271 275 2310 cum
289 2271 376 2310 curru
396 2249 506 2324 urbem,
522 2268 554 2308 ao
568 2248 674 2308 deinde
688 2247 797 2324 regiam
820 2247 949 2308 intravit
993 2249 1121 2308 Postero
1141 2251 1188 2310 die

178 2345 386 2424 supellectilem
397 2343 489 2416 Darii,
505 2350 536 2401 et
549 2363 660 2401 omnem
674 2341 823 2419 pecuniam
837 2341 1012 2420 recognovit

238 2442 264 2496 4.
288 2437 444 2508 (laetarum,
467 2435 487 2464 ²³
499 2435 589 2512 ipsius
609 2437 690 2496 urbis
713 2435 900 2512 pulchritudo
921 2455 954 2494 ac
974 2443 1117 2512 vetustas,
1131 2457 1187 2498 nou

179 2530 270 2607 Regis
283 2529 377 2602 modb,
392 2529 442 2586 sed
456 2529 544 2586 etiam
554 2529 681 2586 omnium
694 2529 792 2588 oculos
802 2529 832 2586 in
846 2537 938 2588 semet
951 2529 1028 2590 haud
1042 2530 1186 2590 immerito

98 2639 103 2645 “
178 2623 326 2684 convertit.
369 2621 535 2682 Semiramis
558 2642 620 2682 eam
644 2623 821 2698 condiderat,
842 2625 889 2684 vel
910 2624 956 2700 (ut
977 2625 1110 2704 plerique
1131 2648 1185 2686 ore·

179 2719 294 2799 didere)
323 2717 424 2792 Belus,
447 2718 531 2792 eujus
558 2717 638 2794 regia
665 2719 835 2778 ostenditur.
892 2719 997 2778 Murus
1026 2719 1186 2782 instructus

178 2815 198 2844 ²⁴
208 2814 348 2876 laterculo
362 2813 469 2888 coctili,
484 2811 624 2872 bitumine
633 2813 789 2887 interlitus,
804 2814 929 2890 spatium
943 2835 1004 2874 xxx
1018 2824 1048 2873 et
1063 2816 1184 2876 duorum

178 2911 285 2988 pedum
298 2909 482 2968 latitudinem
491 2907 693 2986 amplectitur:
708 2908 856 2986 quadrigae
870 2909 947 2968 inter
960 2929 990 2968 se
1004 2919 1186 2972 occurrentes

179 3005 240 3064 sine
253 3003 382 3080 periculo
397 3003 417 3031 ⁹⁵
427 3022 586 3062 commeare
607 3003 753 3061 dicuntur.
794 3001 934 3062 Altitudo
948 3003 1024 3062 muri
1038 3004 1059 3032 ²⁶
1069 3013 1186 3066 centnm

178 3096 340 3156 cubitorum
353 3096 460 3154 eminet
474 3098 574 3173 spatio.
610 3097 719 3157 Turres
734 3095 816 3156 denis
829 3098 961 3175 pedibus,
973 3100 1062 3178 quam
1075 3119 1184 3174 murus,

178 3189 296 3250 altiores
310 3196 386 3248 sunt.
440 3189 543 3248 Totius
566 3191 661 3269 operis
683 3190 809 3250 ambitus
829 3191 977 3252 ''ccouxv
995 3193 1091 3252 stadia
1113 3214 1184 3254 com·

178 3284 323 3364 plectitur.
362 3281 577 3360 ”Singulorum
600 3286 760 3346 stadiorum
782 3292 958 3346 structuram
980 3287 1102 3366 singulis
1126 3289 1183 3350 die·

178 3381 232 3442 bus
256 3377 414 3456 perfectam
437 3395 508 3451 esse,
532 3379 678 3439 memoriae
700 3381 849 3458 proditum
871 3388 926 3442 est.
969 3381 1109 3442 AEdifioia
1128 3404 1184 3444 uon

178 3482 246 3535 suut
269 3472 385 3532 admota
397 3471 496 3544 muris,
511 3472 563 3530 sed
586 3473 647 3530 ferd
662 3477 788 3552 spatium
807 3475 894 3536 unius
914 3477 933 3505 ²⁰
944 3477 1056 3554 jugeris
1069 3478 1181 3538 absunt.

178 3571 224 3628 Ao
247 3589 284 3628 ne
307 3575 398 3626 totam
419 3564 537 3645 quidem
559 3565 662 3626 urbem
682 3569 767 3628 tectis
788 3578 1009 3647 occupaverunt.
1062 3571 1122 3632 Per
1145 3593 1182 3632 xo

178 3663 271 3722 stadia
295 3662 461 3724 habitatur:
490 3680 553 3744 nee,
567 3660 663 3719 omnia
683 3661 849 3722 ⁸⁰continua
871 3672 958 3741 sunt;
991 3664 1087 3740 credo,
1114 3668 1183 3746 quia

177 3757 268 3816 tutius
295 3758 390 3816 visum
418 3763 463 3814 est
496 3755 629 3832 pluribus
663 3755 739 3824 locis
764 3759 868 3837 spargi.
926 3757 1041 3820 (laetere
1074 3769 1181 3836 serunt,
