2520 4390
341 360 460 402 urana
487 361 539 400 vr.
570 361 653 404 oar.
682 362 734 402 vr.
990 329 1045 408 iat

32 497 108 574 cipes
122 497 289 572 amicorum,
299 503 331 558 et
344 498 501 584 exercitum
514 499 644 578 gratim
657 500 770 576 offendi,
784 499 907 580 gratim
920 499 1045 562 liberali·
1058 530 1060 534 ·

31 599 93 650 tate
108 591 249 670 donisque
262 611 394 670 reparare
407 593 548 654 tentabat.
590 593 658 668 Sed,
672 595 781 671 opinor,
796 595 896 654 liberis
918 595 1044 672 pretium

30 686 181 748 servitutis
203 686 346 764 ingratum
367 694 418 748 est.
460 687 567 766 Igitur,
580 707 616 746 ne
629 688 660 748 in
682 689 851 748 seditionem
864 707 910 748 res
923 695 1045 748 vertere·

30 787 90 854 tur,
106 781 197 840 otium
210 781 449 859 interpellandum
463 789 525 842 arat
545 783 630 858 bello,
644 786 728 860 cujus
745 783 867 850 materia
887 783 1044 860 opportune

31 875 172 943 alebatur.
221 875 354 954 Namque
372 876 490 952 Bessus,
510 884 589 938 veste
608 878 689 956 regia
709 883 832 955 sumpta,
853 878 1045 938 Artaxerxem

31 970 172 1048 appellari
186 989 216 1030 se
227 973 363 1047 jusserat,
378 971 555 1051 Scythasque
570 979 601 1032 et
614 981 732 1034 caeteros
744 972 850 1032 Tanais
860 972 971 1032 accolas
981 991 1045 1030 con·

31 1065 173 1126 trahebat.
215 1067 289 1128 Haeo
310 1067 511 1127 Satibarzanes
533 1069 705 1146 nunciabat3
734 1088 819 1147 quem
844 1074 993 1144 receptum
1015 1067 1046 1126 in

29 1161 125 1236 fidem,
139 1161 250 1240 regioni
263 1182 348 1240 quam
362 1163 447 1220 antea
461 1163 623 1222 obtinuerat
636 1165 773 1241 praefecit.
825 1162 867 1224 Et
879 1165 946 1222 etim
958 1181 1046 1240 grave

29 1255 132 1332 spoliis
143 1264 339 1336 apparatuque
347 1256 471 1316 luxuriae
480 1277 583 1335 agmen
593 1257 644 1318 vix
652 1264 822 1331 moveretur,
834 1277 899 1316 suas
908 1256 1045 1334 primdm,

29 1351 137 1410 deinde
151 1350 244 1410 totius
256 1351 406 1410 exercitiis
424 1350 558 1426 sarsinas,
570 1351 699 1428 exceptis
710 1351 861 1410 admodum
871 1350 1046 1424 necessariis,

28 1445 156 1504 conferri
174 1445 263 1520 jussit
276 1444 308 1502 in
320 1443 455 1504 medium.
517 1445 661 1504 Planities
680 1445 808 1522 spatiosa
827 1451 900 1518 erat,
914 1445 945 1504 in
964 1463 1048 1522 quam

29 1539 164 1600 vehicula
188 1545 291 1599 onusta
312 1539 512 1616 perduxerant
573 1539 814 1618 Exspectantibus
841 1539 951 1598 ermetis
976 1538 1048 1618 qnid
1157 1603 1161 1610 ι

29 1634 136 1694 deinde
159 1640 235 1692 esset
254 1634 456 1712 imperaturus,
468 1637 598 1711 jumenta
617 1635 708 1712 jussit
729 1634 840 1710 abduci,
855 1634 970 1713 suisque
990 1633 1047 1712 pri·

29 1733 113 1790 mum
128 1729 249 1790 sarcinis
262 1729 325 1788 face
340 1729 470 1804 subdita,
484 1737 602 1790 caeteras
616 1730 730 1789 incendi
743 1730 888 1808 pracepit.
929 1729 1047 1808 Flagra·

29 1827 109 1902 bant,
124 1825 313 1887 exurentibus
326 1825 458 1900 dominis,
474 1824 556 1904 ⁸quae
568 1832 602 1885 ut
614 1826 726 1888 intacta
738 1846 775 1886 ex
788 1825 908 1886 urbibus
921 1823 1047 1884 boetium
1098 1829 1106 1840 “

29 1928 173 1999 raperent,
195 1941 271 1998 saepe
293 1921 422 1980 flammas
442 1921 668 1999 restrinxerant3
690 1921 771 1982 nullo
795 1920 966 2000 'sanguinis
985 1940 1047 1998 pre-

30 2018 107 2076 tinm
130 2015 252 2074 audente
276 2015 388 2090 deflere,
413 2017 482 2074 edm
503 2015 598 2092 regias
621 2035 690 2094 opes
712 2016 790 2076 idem
812 2016 888 2094 ignis
906 2022 1047 2076 exureret.

29 2112 139 2172 Brevis
153 2109 257 2170 deinde
270 2110 362 2170 oratio
375 2109 522 2188 mitigavit
541 2109 685 2186 dolorem,
709 2112 728 2140 ¹⁰
740 2110 907 2188 habilesque
925 2110 1048 2184 milities,

29 2214 61 2266 et
76 2205 115 2264 ad
128 2205 224 2266 omnia
235 2204 330 2280 parati
342 2204 516 2263 laetabantur
537 2204 715 2264 sarcinarum
734 2204 845 2282 potiris,
858 2223 945 2283 quam
966 2203 1050 2262 disci·

29 2303 121 2382 plinee
134 2298 236 2358 fecisse
254 2299 405 2376 jacturam.

97 2399 142 2454 16.
166 2395 184 2422 ¹¹
195 2394 295 2473 Igitur
316 2392 504 2452 Bactrianam
526 2393 672 2472 regionem
693 2393 838 2472 petebant.
881 2393 940 2456 Sed
964 2394 1050 2454 Nica·

30 2513 85 2552 nor
99 2489 312 2550 Parmenionis
325 2489 413 2564 filius,
428 2489 527 2549 subita
541 2496 635 2548 morte
647 2496 806 2568 correptus,
820 2509 924 2568 magno
938 2491 1049 2550 deside-

31 2590 75 2648 rio
91 2590 139 2646 sui
153 2586 288 2644 affecerat
301 2591 427 2644 cunctos.
470 2583 537 2644 Rex
560 2591 628 2644 ante
642 2603 742 2644 omnes
765 2592 894 2659 moestus,
915 2587 1050 2664 cupiebat

33 2684 151 2763 quidem
160 2661 185 2710 ⁰¹²
195 2681 363 2754 subsistere,
387 2680 484 2740 funeri
510 2679 671 2758 affuturus,
694 2680 746 2740 sed
769 2681 891 2760 penuria
911 2701 1049 2740 commea·

33 2788 119 2836 tuum
132 2777 270 2836 festinare
284 2775 414 2853 cogebat.
457 2775 562 2854 Itaque
584 2775 719 2836 Philotas
739 2796 805 2834 cum
830 2775 943 2835 dnobus
963 2776 1049 2834 milli·

32 2875 90 2934 bus
105 2879 136 2930 et
149 2891 188 2930 no
203 2871 332 2943 relictus,
345 2877 379 2928 ut
401 2873 484 2947 justa
504 2871 589 2930 fratri
607 2870 803 2947 persolveret:
825 2869 887 2946 ipse
901 2872 1050 2930 contendit

33 2967 73 3026 ad
102 2965 237 3024 Bessum.
278 2963 341 3022 Iter
368 2964 487 3023 facienti
512 2964 623 3024 litterae
649 2965 677 3022 ei
704 2964 864 3054 afferuntur
882 2985 900 3024 s
919 2966 1049 3026 finitimis

36 3063 237 3137 Satraparum,
251 3077 267 3117 e
280 3058 387 3136 quibus
401 3060 555 3136 cognoscit,
571 3059 696 3118 Bessum
710 3059 827 3137 quidem
841 3060 940 3121 hostili
954 3063 1048 3122 aninro

36 3175 187 3216 occurrere
215 3173 281 3214 cum
305 3153 453 3214 exercitu:
482 3155 621 3214 eaeterdm
644 3153 868 3232 Satibarzanem,
890 3178 975 3238 quem
999 3159 1049 3220 Sa·

37 3251 141 3328 trapiae
164 3249 304 3308 Ariorum
326 3247 389 3326 ipse
413 3247 600 3325 praefecisset,
622 3247 760 3310 deiecisse
787 3251 824 3311 ab
851 3271 893 3312 ao.
944 3252 1050 3329 Itaque

38 3365 202 3424 quanquam
225 3344 318 3404 Besso
340 3343 519 3418 imminebat,
541 3351 637 3404 tamen
660 3345 698 3405 ad
719 3345 934 3408 Satibarzanen
956 3346 1050 3424 oppri-

39 3441 175 3500 mendum
203 3441 224 3469 ¹⁸
235 3440 372 3518 praeverti
399 3440 540 3518 optimum
568 3441 657 3516 ratus,
691 3441 785 3502 levem
818 3451 995 3504 armaturam
1022 3446 1052 3498 et

41 3543 189 3616 equestres
211 3536 308 3612 copiae
331 3535 447 3594 educit:
469 3539 589 3616 totaque
610 3544 693 3596 nocte
715 3538 833 3598 strenue
846 3537 924 3596 facto
939 3533 1049 3610 itinere,
1116 3579 1117 3582 η

42 3631 215 3709 improvisus
238 3631 317 3690 hosti
340 3631 513 3708 supervenit.
566 3629 658 3709 Cujus
682 3632 798 3710 cog-nito
821 3629 955 3701 adventu,
978 3623 1056 3686 Sati:

44 3725 177 3788 bmaanes
205 3745 270 3786 cum
298 3725 411 3786 duobus
441 3726 570 3796 millibus
598 3727 730 3805 equiturn
757 3725 822 3798 (nec
848 3722 926 3782 enirn
953 3723 1052 3801 plures

47 3821 139 3882 subito
159 3820 291 3882 contrahi
314 3824 460 3899 poterant)
486 3821 595 3880 Bactra
616 3819 765 3898 perfugit:
788 3817 886 3878 caeteri
905 3820 1053 3898 proximos
