2622 4382
320 367 445 412 creua
467 367 522 412 rx.
549 369 635 412 car.
661 369 754 412 rur.
993 350 1054 416 cor

81 511 109 570 eii
120 509 247 571 donam
258 507 427 570 aetinibue.
457 507 736 570 linaicmicdcinde
747 509 781 570 in
800 509 943 570 ditionem
955 509 1054 572 redae·

81 655 83 674 ‚
98 607 167 667 urbi
181 623 278 666 eorum
293 605 461 684 praesidium
476 605 624 683 imposuit.
667 605 743 665 Inde
763 605 902 682 Praetor,
916 613 946 665 et
959 605 1054 684 ipram

81 703 134 762 dieo
154 708 271 780 gentem
293 708 467 779 perventum
490 707 545 760 eet.
589 698 750 777 Oxyoanue
774 699 842 760 Rex
863 707 935 775 erat,
949 701 1000 780 qni
1022 719 1055 760 oe

81 797 160 858 initae
171 797 240 856 urbi
252 815 319 855 cum
331 799 439 876 magud
452 815 542 855 manu
554 795 740 874 popularium
760 795 925 856 incluserat.
969 795 1056 858 Hauc

81 893 208 952 exander
235 893 323 952 tortio
352 891 400 952 dic
427 897 517 971 quem
541 899 668 970 coeperat
694 891 840 967 obsidere,
868 892 1054 971 expugnavit

97 987 256 1066 Oxycauus
270 989 339 1046 cdm
352 987 384 1045 in
398 1007 493 1046 arcem
507 988 696 1066 confugisset,
711 987 825 1066 legator
838 988 875 1048 de
889 987 1056 1048 conditione

81 1083 196 1142 ditionis
209 1083 293 1143 miait
306 1083 345 1142 ad
359 1082 480 1162 Regem.
524 1083 583 1142 Sed
598 1089 755 1162 antequam
768 1083 885 1144 adirem
898 1103 975 1161 enm,
990 1082 1057 1144 dnn

81 1199 132 1238 ’rea
158 1197 224 1237 cum
248 1177 362 1256 ingenti
383 1178 499 1256 fragore
523 1177 719 1254 prociderant,
734 1197 788 1255 per
809 1197 933 1256 quarum
956 1179 1057 1238 ruinae

81 1274 216 1334 rcedonce
243 1275 363 1332 evasere
389 1272 420 1330 in
448 1289 566 1330 arcem:
598 1276 657 1350 qud
684 1277 780 1350 capto,
806 1272 965 1350 Oxycanue
991 1291 1059 1332 cum

81 1370 138 1427 acie
162 1385 330 1444 repugnem
344 1366 496 1426 occiditur.
539 1365 649 1426 Diruta
671 1367 764 1446 igitur
783 1385 858 1440 arce,
873 1373 904 1426 et
925 1367 1059 1428 cmmbur

81 1464 165 1541 otiois
189 1461 372 1535 venundatis,
401 1461 472 1521 Sabi
495 1461 574 1540 regia
600 1462 673 1520 finee
696 1463 920 1540 ingressuum,
946 1462 1060 1522 multia·

81 1579 95 1617 e
120 1557 237 1636 oppidio
263 1557 295 1616 in
322 1557 409 1617 fidem
437 1557 573 1635 acceptia,
596 1557 808 1618 validissimam
835 1559 930 1638 gentio
956 1557 1060 1618 urbem

81 1654 175 1714 niculo
196 1652 282 1731 cepit
324 1653 466 1712 Baburie
489 1653 604 1711 'simile
617 1654 740 1712 monstri
754 1654 849 1714 virum
870 1661 923 1732 eet,
937 1653 1060 1716 rudibus

81 1750 211 1808 litarium
225 1767 364 1827 opernm3
386 1749 496 1828 quippe
509 1749 540 1806 in
554 1749 651 1808 modia
666 1751 758 1808 forme
772 1750 846 1810 urbe
859 1751 965 1810 armati
978 1755 1060 1812 terra

81 1846 214 1918 istebaut,
231 1845 341 1904 ”nullo
362 1845 477 1904 audoeni
491 1849 599 1923 spectio
618 1847 687 1904 ante
700 1846 826 1925 vestigio
839 1847 928 1906 facto.
972 1845 1061 1908 Octo-

81 1949 121 1999 ita
134 1941 229 2000 millia
242 1940 384 2000 Indorum
394 1939 425 1999 in
440 1945 476 1999 cd
487 1941 606 2019 regione
620 1959 697 2000 caesa
707 1933 874 2002 Clitarchus
887 1948 935 2001 eat
949 1949 1060 2018 auctor,

81 2037 205 2114 ritusque
218 2035 350 2114 captivos
368 2037 388 2064 ¹²
399 2035 453 2095 enb
467 2039 575 2094 corona
590 2037 611 2066 ¹¹
620 2041 745 2095 vaniaee.

101 2133 150 2189 27.
171 2130 292 2188 Rurada
320 2129 467 2188 Musicani
492 2129 669 2203 defecerant,
695 2129 732 2188 ad
758 2149 832 2208 quoa
859 2129 1062 2208 opprimendos

83 2243 148 2283 sans
162 2233 209 2283 est
229 2224 349 2298 Pithon,
363 2225 415 2303 qui
435 2231 552 2301 captum
572 2225 731 2302 principem
751 2225 857 2304 gentis,
872 2225 1063 2306 eumdemque

82 2321 215 2380 fectionis
229 2326 386 2394 auctorem,
401 2319 526 2378 adduxit
539 2320 578 2379 ad
599 2320 719 2400 Regem.
762 2319 828 2392 Quo
843 2321 1012 2381 Alexander
1031 2322 1063 2382 in
1141 2338 1147 2354 “

82 2435 157 2476 roem
181 2416 307 2491 sublato,
321 2433 423 2476 rursus
437 2432 558 2491 amnem,
581 2416 612 2474 in
626 2435 684 2496 quo
699 2416 820 2477 cleonem
841 2423 1012 2495 exspectare
1031 2435 1063 2478 aa

83 2519 186 2586 soeret,
201 2511 318 2590 repetit
363 2510 475 2582 Quarto
490 2511 595 2570 deinde
610 2511 667 2586 die,
684 2513 811 2572 seeundo
831 2532 916 2571 amne
929 2513 1064 2590 pervenit

100 2607 312 2687 oppidumque
335 2607 394 2666 iter
417 2607 449 2666 in
473 2627 594 2686 regnum
619 2615 684 2667 erat
709 2608 786 2669 Sabi.
829 2609 934 2686 Nuper
957 2627 989 2667 se
1011 2609 1063 2668 ille

83 2703 206 2778 diderat,
220 2703 273 2762 aed
287 2703 423 2782 oppidani
446 2703 652 2763 detrectabant
675 2704 839 2782 imperinm,
854 2711 885 2762 et
899 2703 1065 2763 clauserant

84 2807 151 2857 rtas,
195 2798 326 2868 Quorum
344 2799 492 2876 paucitate
513 2803 689 2877 contempte,
705 2799 773 2859 Rex
787 2799 962 2877 quingentos
976 2797 1065 2877 Agri·

84 2913 116 2951 ce
130 2894 236 2950 moenia
249 2893 346 2953 oubire
358 2897 496 2971 jusserat,
508 2901 539 2953 et
553 2896 663 2953 aenaim
677 2893 846 2952 recedentes
861 2893 964 2954 elicere
978 2899 1065 2956 extra

84 3007 146 3047 aros
167 2988 290 3058 hostem,
315 2995 483 3048 secuturum
506 2990 647 3068 proiecto,
671 2989 698 3048 ai
721 2990 823 3068 fugere
847 3009 898 3049 eoa
922 2991 1063 3054 crederet.

84 3084 172 3163 griani
186 3083 274 3159 (sient
297 3083 473 3161 imperatum
498 3088 573 3163 erat)
595 3083 732 3143 lacessito
754 3084 846 3160 houm,
861 3084 960 3146 subito
981 3093 1065 3166 terga

85 3187 173 3254 munt,
195 3197 269 3258 quoa
294 3179 421 3250 Barbari
445 3181 537 3238 effnad
562 3187 727 3259 sequentes,
743 3181 773 3239 iu
795 3181 878 3259 alios,
892 3182 969 3242 inter
991 3201 1065 3262 quoe

85 3295 108 3333 re
134 3275 200 3334 Rex
224 3282 297 3350 erat,
317 3275 459 3334 incidunt
513 3275 667 3336 Renovato
689 3278 759 3354 ergd
783 3277 894 3355 prado,
909 3297 948 3337 ex
968 3277 1065 3338 tribuo

85 3371 178 3432 ollibus
198 3369 397 3431 Barbarcrnm
421 3373 552 3431 sexcenti
577 3373 645 3432 coci
665 3379 743 3447 eunt,
756 3373 838 3432 mille
863 3373 951 3451 capti,
966 3371 1067 3431 caeteri

86 3467 192 3526 enibna
205 3467 287 3526 urbia
297 3467 412 3527 inclusi.
455 3467 545 3530 ¹’Sed
567 3487 624 3528 non
645 3476 681 3527 ut
703 3469 797 3548 prima
811 3469 907 3546 specie
926 3467 997 3525 laeta
1008 3465 1066 3525 vic·

86 3564 134 3638 ria,
149 3562 192 3621 itd
216 3571 337 3622 eventus
360 3583 475 3643 qnoque
494 3565 568 3623 fnit:
590 3565 698 3644 quippe
720 3563 844 3624 Barbari
856 3579 968 3621 veneno
991 3560 1067 3620 tinx-

86 3667 134 3717 ant
160 3657 280 3738 gladios.
337 3658 441 3738 Itaque
475 3660 566 3719 cancii
599 3660 724 3720 subinde
752 3655 947 3733 exspirabant
1002 3655 1067 3716 Nec

87 3773 139 3813 nea
151 3763 210 3812 tam
225 3753 380 3813 '‘atrennae
394 3755 498 3813 mortio
511 3755 673 3833 excogitari
687 3757 805 3831 poterat
824 3769 842 3808 a
854 3747 984 3826 medicis,
999 3752 1068 3812 edm

87 3851 144 3910 iam
163 3849 244 3912 leuen
256 3849 352 3929 plegae
365 3850 544 3910 insanabiles
557 3856 662 3910 eaaent
706 3848 726 3876 ¹⁸
736 3845 862 3906 Barbari
886 3853 985 3908 antem
1005 3865 1068 3928 epe·
