2642 4386
320 359 464 412 'nrnru
495 367 568 412 v11.
600 371 686 412 cnr.
717 369 789 413 vnn.
1017 353 1074 414 168

102 511 254 573 lacessebant.
277 497 362 588 ¹'Ipse
374 529 432 568 non
446 511 582 570 insistere
603 511 635 569 in
657 513 745 588 terre,
758 529 816 570 nen
837 527 911 590 equo
924 509 1001 584 vehi,
1013 529 1073 572 neu

100 609 193 682 dooere,
211 626 259 666 non
278 606 391 694 hortari
407 623 480 667 suos
504 613 628 685 poterat.
671 607 804 684 Ancipiti
827 605 958 684 perinulo
977 605 1073 684 impli-

98 705 168 776 eitns,
189 703 252 762 Deos
271 721 381 780 quoqne
406 693 550 776 incusans,
574 701 752 780 querebatur
773 720 804 759 se
825 703 922 778 jaeere
944 719 1071 784 segnem,

98 797 337 875 eujusueleeita'tem
360 815 444 854 nemo
458 797 546 854 anteri
559 795 702 856 valuisset
724 795 858 874 effugere.
901 795 985 856 *Vix
1003 815 1071 856 suos

98 893 191 951 eredere
208 911 256 950 non
277 891 408 950 simulari
421 891 625 951 valetudinem.
668 891 774 970 Itaque
788 891 839 970 qui
859 897 927 969 post
947 889 1071 952 Durium

98 989 180 1046 dotum
192 987 286 1046 ariolos
294 993 325 1046 et
337 994 419 1047 vates
439 987 589 1046 consulere
610 985 746 1062 desierat,
760 977 865 1046 ¹rursds
880 986 919 1044 ed
931 987 1070 1064 supersti-

99 1084 180 1142 ionem
202 1083 380 1142 humanarum
408 1083 550 1140 mentium
573 1079 723 1142 'ludibria
748 1082 907 1158 revolutus,
935 1081 1068 1141 Aristan·

98 1199 163 1254 rum,
185 1178 227 1236 eui
247 1176 447 1236 eredulitatem
471 1195 553 1235 snam
577 1176 741 1252 addixerat,
755 1177 906 1255 explorare
932 1185 1070 1254 eventum

98 1294 166 1332 eram
179 1272 312 1333 sacrifieiis
323 1272 416 1348 jubet.
1054 1317 1056 1326 .

132 1372 174 1427 29.
195 1368 255 1426 Mos
275 1373 341 1425 erut
359 1365 540 1442 uruspieibns
562 1372 630 1424 exta
656 1366 740 1424 'sine
767 1365 850 1444 Rege
878 1373 1018 1444 spsntsra
1039 1372 1070 1428 st

98 1482 134 1520 oae
154 1460 388 1538 portenderentur,
402 1459 519 1521 referre.
561 1458 646 1520 Inter
667 1459 730 1520 haee
741 1459 817 1536 Rex,
831 1459 900 1520 dnm
920 1460 1002 1521 fibris
1020 1479 1069 1539 pe·

98 1557 170 1614 ndum
193 1556 512 1634 explorantuneventns
535 1553 689 1633 latentium
712 1573 818 1631 rerum,
832 1555 955 1634 propius
973 1556 1069 1634 ipsum

98 1651 205 1710 ¹nsidere
226 1651 326 1709 smioos
338 1649 440 1727 -jubet,
462 1649 720 1710 ‘ne-eontentiune
742 1651 821 1711 vonis
844 1651 1007 1712 eieatrieem
1025 1652 1069 1712 in·

98 1767 170 1805 mann
189 1745 276 1805 adhue
298 1752 452 1823 rumperet.
494 1743 694 1823 Hephaestion,
709 1745 855 1824 Gruterus,
871 1755 902 1806 et
925 1747 1068 1828 Erigyius

98 1848 140 1900 snt
160 1861 221 1900 oum
241 1829 414 1903 custodibus·
434 1840 466 1898 in
491 1841 708 1902 taberneenlunn
729 1841 857 1903 admissi.
907 1843 1067 1904 '“Disert

98 1939 151 2013 en,’'
164 1936 263 2016 inquit,
278 1940 350 1995 “me
369 1935 528 2013 oeeupavit,
542 1936 663 1996 meliore
675 1935 801 1996 hostium
812 1941 903 2017 qnam
913 1957 977 1998 meo
997 1945 1066 1998 tem=

98 2051 131 2089 re.
173 2031 229 2092 Sed
250 2031 406 2090 nenessitas
430 2037 497 2088 ante
522 2031 665 2089 rationem
690 2040 753 2108 est,
784 2033 911 2090 maxime
932 2033 1065 2111 inbelle,

98 2147 109 2184 s
132 2127 197 2184 rard
218 2125 397 2202 permittitur
419 2131 549 2202 tempora
575 2125 690 2204 eligere.
741 2125 881 2185 Defeoere
903 2119 1065 2206 Baetrisni,

98 2239 215 2299 puerum
237 2219 400 2280 eervinibas
419 2226 538 2294 stemus,
553 2225 583 2276 et
605 2227 748 2298 qnantum
766 2220 798 2278 in
816 2221 901 2281 nobis
914 2223 1004 2282 animi
1017 2223 1065 2299 sit,

98 2317 167 2374 iieno
195 2315 293 2374 Marte
325 2315 519 2392 experiuntur.
574 2313 665 2373 Haud
697 2315 793 2392 dubis,
825 2316 852 2376 si
886 2316 1066 2384 omiserimus

98 2411 168 2469 thas
191 2409 272 2470 ultrd
294 2429 374 2469 arma
391 2409 554 2485 inferentes,
568 2410 723 2488 contempti
736 2411 774 2469 ud
794 2411 871 2488 ilios,
884 2413 936 2491 qui
956 2413 1064 2474 defene-

98 2513 116 2582 t,
141 2511 327 2568 revertemur.
360 2504 504 2566 sivero
529 2505 651 2564 Tanaim
677 2507 884 2584 transierimus,
903 2515 935 2568 et
954 2509 1061 2588 ubique

99 2609 162 2661 etos
183 2619 249 2661 esse
270 2619 324 2660 nos
347 2600 521 2680 seyenarum
542 2601 668 2678 pernieie
689 2621 723 2661 ae
745 2603 883 2684 sangnine
905 2605 1063 2666 ostenderi-

107 2717 115 2773 ;
138 2697 207 2776 quis
221 2696 369 2758 dubitabit
382 2702 480 2774 patere
493 2697 579 2754 etiam
593 2695 743 2775 Europam
754 2699 939 2760 vieturibnsi
973 2701 1062 2760 sam-

106 2793 158 2868 qui
170 2791 319 2852 terminos
331 2791 432 2870 gloriae
444 2799 552 2851 nostra
564 2791 685 2850 metitur
698 2793 802 2870 spatio,
815 2792 893 2871 quod
907 2794 1061 2860 transituri

98 2903 141 2942 us.
187 2875 387 2944 Unns'amnis
404 2881 556 2961 interfluit,
576 2903 662 2964 quem
685 2885 711 2944 si
731 2885 901 2962 traiieimus,
914 2885 946 2945 in
968 2888 1061 2950 Euro-

125 2991 226 3040 arma.
241 2973 424 3056 proferimus.
480 2979 523 3038 Et
547 2981 649 3059 quenti
680 2979 883 3041 aestimandum
909 2989 963 3060 est,
991 2985 1060 3048 dum

98 3095 132 3132 m
157 3073 339 3154 subigimus,
352 3074 384 3132 in
405 3074 462 3132 alio
481 3072 689 3152 Quodammodo
702 3075 771 3136 orbe
794 3082 903 3155 tropaea
921 3087 1059 3158 statuere,

98 3189 145 3228 nee
171 3161 254 3234 tarn,
268 3169 355 3248 lengo
375 3168 533 3228 'intervallo
556 3176 661 3228 natura
681 3169 796 3231 uidetur
820 3173 976 3252 diremisse,
999 3181 1059 3236 und

98 3265 152 3338 rit,
164 3262 524 3324 subito-¹¹eommitteret
563 3263 608 3322 At
627 3263 744 3338 hercule
762 3267 788 3328 si
808 3269 956 3346 paululim
968 3289 1058 3330 ‹tesse-

98 3378 159 3435 nus,
181 3359 218 3418 in
231 3359 329 3438 tergis
350 3358 458 3418 nostris
479 3357 596 3437 Suytbee
618 3358 776 3424 haerebunt.
816 3364 935 3424 Ansoli
948 3382 1057 3438 sumus,

98 3455 225 3512 lumina
248 3455 427 3513 *transnare
445 3454 621 3532 possumus?
674 3457 773 3517 Multa
805 3457 837 3516 in
867 3457 1058 3532 nosmetipsos

99 3550 193 3623 dent,
211 3549 233 3577 ²¹
244 3549 355 3628 quibus
367 3550 460 3608 adhue
471 3549 600 3610 sinimus
634 3551 764 3612 Fortuna
776 3551 847 3612 belli
861 3557 953 3610 artem
965 3551 1058 3612 viotos

98 3665 123 3702 :e
140 3645 258 3703 docet:
297 3643 418 3705 Utribus
440 3663 553 3704 amnem
574 3645 741 3722 traiioiendi
761 3644 923 3719 exemptum
935 3643 1056 3706 ieeimus

98 3785 102 3799 .
165 3739 248 3798 Hoc
266 3738 340 3797 ςλι*ιιι
367 3739 482 3818 Scythes
508 3740 618 3798 imitari
637 3739 778 3812 nesciant,
802 3737 952 3798 Baetriani
975 3741 1055 3802 does·

128 3831 308 3895 Praeterea
332 3831 435 3893 ¹⁵nnns
457 3833 553 3912 gentis
575 3833 663 3909 hujus
682 3829 777 3890 affluo
797 3832 941 3895 exereitus
963 3835 1054 3914 venie,
