2520 4390
305 389 430 432 urana
461 389 513 434 tv.
544 389 631 432 oar.
662 389 726 432 xv.
982 373 1021 432 73

40 530 133 609 primus
155 529 183 588 iu
208 527 359 588 Persidem
384 527 494 604 intulit,
515 527 662 589 vindieato
688 527 725 588 ab
750 527 855 588 ultimo
878 525 1020 588 dedaoore

40 645 128 685 nomeu
147 631 309 703 gentemque
333 623 498 684 Persarum.
542 624 590 684 Ite
618 623 726 684 slaores
753 630 783 682 at
802 641 853 701 spo
876 623 964 700 pleni,
985 630 1021 684 ut

38 741 112 800 quam
131 720 242 798 gloriam
264 718 417 794 aooepistis
441 739 460 778 a
480 720 640 796 majoribus
653 718 767 792 reatris,
788 719 913 796 posteris
935 715 1021 776 ralia·

37 817 128 894 quatis.
165 815 198 872 Iu
211 813 324 872 dextris
337 814 444 872 vestris
461 815 524 890 jam
537 813 713 887 libertatem,
727 831 819 890 opem,
835 831 916 889 spem
928 811 1021 872 futuri

37 909 156 985 temporis
176 907 284 984 geritis.
337 907 452 986 Effugit
478 915 609 982 mortem,
637 907 768 986 quisquis
796 905 1019 983 contempserit:

36 1001 227 1060 timidissimum
250 1019 393 1080 quemque
417 1002 609 1081 oonseqnitur.
662 1001 731 1079 Ipse
751 1019 808 1060 non
827 1000 922 1078 patrio
941 1019 1021 1060 more

36 1097 123 1169 soldm,
135 1096 182 1156 aed
203 1096 292 1154 etiam
313 1103 349 1154 nt
372 1096 500 1173 oonepioi
523 1096 640 1173 possim,
654 1115 743 1154 oumu
762 1095 859 1155 vehor.
903 1093 967 1154 Neo
980 1113 1020 1154 re

36 1209 91 1248 ruso
103 1191 246 1269 quominba
258 1190 413 1248 imitemini
427 1211 481 1265 mo,
497 1189 556 1250 aive
570 1190 752 1250 fortitudinis
765 1189 936 1267 exemplum,
959 1189 1020 1250 sive

36 1285 139 1362 gnevin
151 1285 259 1342 luero.”

82 1379 147 1440 XV.
168 1381 213 1438 56.
236 1378 361 1436 Interim
375 1377 553 1452 Alexander,
566 1385 602 1436 ut
614 1385 645 1436 et
659 1377 887 1436 demonstratum
900 1395 918 1434 a
930 1361 1021 1436 tiana

36 1477 93 1551 'ngat
105 1473 275 1532 insidiarum
285 1471 380 1530 loonm
394 1471 566 1546 oiroumiret,
581 1480 611 1529 et
632 1470 732 1544 Durio,
746 1471 797 1550 qui
817 1469 923 1530 laevum
933 1487 1022 1528 oomu

36 1568 154 1626 uebatur
167 1572 337 1638 assumeret,
353 1566 361 1594 ¹
372 1585 474 1644 agmen
487 1565 636 1645 obliquum
649 1565 782 1624 incedere
793 1565 885 1641 jubet.
915 1563 1022 1622 Darius

36 1681 130 1740 ,noque
151 1660 250 1720 &dem
274 1660 380 1718 ¹suarum
404 1660 538 1734 obvertit,
564 1660 658 1720 Besso
679 1660 835 1733 admonito,
856 1665 891 1718 ut
911 1657 1020 1718 Massa·

36 1764 96 1814 etes
109 1753 219 1833 equites
241 1753 271 1812 ln
292 1753 397 1812 hrum
412 1753 574 1812 Alexandri
588 1773 678 1812 oornu
692 1773 709 1812 a
723 1753 815 1812 latere
829 1752 928 1812 invehi
938 1751 1020 1829 jube

36 1857 69 1908 et.
111 1849 178 1926 Ipsa
199 1856 266 1906 ante
289 1866 321 1906 se
345 1847 468 1906 falcatos
482 1867 583 1906 eurrus
603 1847 737 1922 babebat,
751 1865 824 1926 quor
846 1847 929 1925 signo
951 1846 1020 1906 dato

36 1945 162 2004 niversos
174 1943 203 2000 in
218 1943 330 2001 hostem
344 1942 455 2000 effudit.
497 1941 635 2002 Ruebant
647 1941 754 2000 laxatis
767 1942 888 2002 habenis
902 1940 1019 2020 aurigae,

36 2041 68 2098 ιό
90 2039 196 2116 plnres,
210 2037 339 2096 nonddm
353 2038 427 2096 satis
447 2038 563 2114 proviso
582 2037 703 2114 impetu,
718 2037 891 2096 obterereut
934 2036 1020 2096 Alios

36 2135 80 2210 gd
95 2133 186 2190 baatae
197 2131 324 2190 multum
334 2130 412 2189 ultra
425 2137 567 2190 temonem
580 2131 747 2204 eminentes,
761 2129 834 2190 alios
847 2130 884 2190 ab
897 2137 1021 2208 utroque

37 2235 103 2284 tere
131 2224 264 2284 dominam
290 2223 378 2280 ialoes
400 2223 573 2282 laoeravtro.
629 2223 693 2282 Neo
717 2224 827 2282 aenaim
847 2222 1022 2282 Maoedonss

37 2319 162 2391 debant,
177 2317 229 2374 aad
243 2316 335 2374 effusa
354 2315 546 2376 turbaverant
558 2316 629 2394 iuga
641 2315 767 2374 ordines.
808 2315 936 2376 Mauaeus
954 2335 1021 2396 quo·

37 2437 62 2474 ‚o
89 2411 234 2490 peroulsis
258 2417 368 2470 metum
386 2410 517 2484 ineussit,
532 2411 612 2470 mille
634 2410 781 2490 equitibus
801 2411 839 2470 ad
859 2411 1022 2490 diripienda

38 2509 100 2570 stis
114 2506 323 2584 impedimenta
337 2503 511 2564 oiroumvehi
529 2505 639 2582 jussis:
659 2511 741 2566 ratus
754 2506 883 2584 eaptivos
896 2525 1019 2586 quoqne,

38 2607 49 2663 i
77 2600 171 2660 simul
194 2599 426 2673 asservabantur,
448 2606 584 2676 rupturos
597 2599 721 2674 vinnula,
741 2600 810 2658 edm
833 2619 901 2660 suos
920 2619 1019 2678 appro-

38 2694 345 2776 iquantesridisaent.
388 2694 477 2753 'Non
498 2695 644 2756 fefellerat
666 2695 896 2770 Parmenionem,
918 2695 1020 2773 quiin

39 2813 74 2854 ro
91 2809 187 2850 norun
200 2796 272 2850 erat.
298 2788 443 2867 'Propere
463 2789 554 2868 igitur
575 2789 788 2868 Polydamanta
798 2789 893 2848 mittit
906 2789 943 2848 ad
964 2789 1019 2848 Re·

39 2909 74 2959 n,
105 2885 160 2962 qui
188 2890 221 2942 et
252 2883 413 2961 perieulum
445 2883 620 2958 ostenderet,
648 2890 679 2942 at
705 2883 777 2962 quid
802 2883 865 2942 fieri
895 2881 1022 2962 juberet,

39 2979 181 3040 isuleret.
237 2977 303 3052 Ille,
326 2978 429 3038 audito
454 2978 684 3056 Polydamante:
707 2977 804 3052 “nbi,
827 2977 956 3054 unnoia,’¹
977 2979 1020 3040 iu·

39 3086 70 3150 t,
91 3077 108 3107 “
118 3073 320 3146 Parmenioni,
342 3073 368 3132 ai
392 3071 630 3146 aoienioerimus,
652 3089 710 3130 uon
733 3079 832 3132 nostra
855 3073 948 3132 solim
966 3093 1020 3135 nos

40 3175 240 3246 nperatnros,
266 3166 319 3226 sed
345 3167 448 3242 omnia,
474 3185 540 3245 quoe
566 3165 694 3226 bostium
726 3173 795 3226 suut
820 3175 1018 3248 oooupatnros.

40 3263 157 3325 roindb
169 3281 230 3322 non
254 3261 396 3340 estquod
417 3261 575 3340 quidquam
597 3261 704 3322 virium
730 3263 873 3324 subduoat
892 3283 929 3324 ex
948 3267 1019 3339 aeia,

40 3405 46 3431 ,
69 3365 110 3416 ut
127 3376 178 3418 me
193 3364 230 3415 et·
247 3356 387 3434 Philippo
400 3363 484 3436 patre
506 3355 624 3434 dignum
646 3364 700 3434 est,
713 3365 877 3436 emoempto
899 3361 1019 3419 sarcina

41 3479 49 3513 t
73 3452 204 3526 damno,
218 3450 335 3510 fortiter
348 3451 494 3510 dimioet’'
535 3450 658 3512 Interim
678 3451 803 3514 Barbari
816 3452 1021 3531 impedimenta

41 3553 208 3620 inserant,
235 3546 372 3624 ooesisque
395 3545 541 3624 plerisque
567 3546 730 3625 eustodum,
756 3547 873 3624 captivi,
897 3543 1021 3602 vinealis

41 3643 97 3718 tis,
114 3639 271 3722 quidquid
284 3640 400 3702 obvium
414 3647 485 3716 eret,
498 3661 556 3721 quo
569 3643 674 3707 armari
693 3647 821 3720 possent,
834 3637 969 3712 ramum:
991 3645 1021 3696 et

42 3735 156 3815 regati
171 3753 295 3796 suorum
309 3736 464 3814 equitibus,
480 3735 656 3806 Maeadouaa
673 3734 793 3812 anoipiti
813 3732 1022 3794 oiroumventos

42 3853 59 3892 a
82 3829 263 3907 invadunt,
286 3830 422 3919 'lantque
443 3831 521 3900 eirea
544 3830 749 3910 fliayganbim,
763 3827 867 3890 sieiase
888 3825 1021 3906 Darium,

221 3927 240 3982 4
697 3956 702 3964 .
