2520 4390
347 375 471 418 arene
496 375 550 418 vr.
580 373 666 418 oar.
695 375 729 416 v.
894 348 897 354 ’
990 348 1041 416 rai
1071 345 1079 362 ⁰

33 518 131 576 dolore
146 517 323 589 stimulatus,
345 535 449 594 equum
462 514 601 592 vestigari
620 514 715 592 jubet,
730 521 760 574 et
782 524 839 594 per
853 513 1045 592 interpretem

31 611 222 688 pronunciari,
243 615 275 668 nl
295 609 499 684 reddidissent,
512 609 655 668 neminem
682 627 745 669 esse
765 609 917 668 victurum
978 607 1045 666 Hde

33 705 253 764 denunciatione
264 703 369 778 territi,
384 723 449 761 oum
462 704 576 764 eaeteris
589 703 673 762 donis
687 721 791 782 equum
803 701 958 762 adduount.
987 699 1046 764 Sed

31 819 67 858 ne
81 800 123 858 sio
136 799 251 877 quidem
263 798 422 876 mitigatas,
437 795 510 856 eaedi
524 797 620 874 sylvas
631 797 725 874 jubet,
740 800 916 876 aggesttque
928 795 1046 854 humoe

32 895 185 968 montibus,
199 893 347 972 planitiem
357 891 446 951 ramis
457 891 627 970 impeditam
637 893 812 971 exaggerari.
843 891 867 950 J
867 911 913 951 em
921 891 1046 970 aliquan-

33 990 127 1048 tuldm
139 987 303 1046 altitudinis
323 1007 395 1066 opus
416 994 554 1062 oraverat,
577 989 645 1046 erim
668 987 802 1067 Barbari,
816 985 986 1066 'desperato
1005 1003 1047 1044 re·
1123 1009 1127 1018 ¹

32 1085 143 1162 gionem
163 1103 250 1162 quam
272 1089 480 1160 oeeupaverant
499 1101 583 1159 posse
595 1083 722 1157 retineri,
735 1089 850 1161 gentem
872 1101 954 1141 suam
967 1079 1047 1139 dedi·

32 1180 106 1238 dere.
148 1178 223 1253 Rex,
236 1176 384 1237 obsidibus
410 1177 542 1254 aoeeptis,
565 1171 709 1235 Phradati
734 1177 848 1235 tradere
875 1193 925 1236 ees
949 1175 1046 1254 jussit.
1071 1195 1079 1207 ·

33 1273 102 1330 inde
125 1273 229 1350 quinto
252 1271 300 1330 die
324 1270 357 1328 in
379 1271 489 1330 stativa
512 1271 682 1348 revertitug.=
729 1271 905 1330 Artabanum
932 1269 1047 1344 deinde,

28 1367 175 1446 geminato
197 1365 314 1439 honore,
327 1383 414 1443 quem
433 1363 541 1422 Darius
561 1363 701 1424 habuerat
722 1365 758 1438 ei,
779 1363 905 1423 remittit
924 1363 1047 1422 domum.

30 1462 53 1520 J
54 1482 103 1518 arn
116 1459 154 1518 ad
166 1459 269 1518 urbem
282 1457 450 1536 Hyrcaniae,
464 1459 496 1516 in
508 1461 567 1536 quet
580 1457 659 1536 regia
674 1457 757 1516 Darii
771 1458 838 1532 fuit,
851 1463 967 1517 ventum
976 1463 1048 1516 erat.

31 1555 82 1614 Ibi
106 1553 290 1614 Nabarzanes
311 1555 429 1630 aooeptt
449 1551 505 1610 fide
531 1551 665 1627 oeourrit,
690 1551 764 1610 dona
791 1551 920 1632 ingentia
944 1551 1047 1612 ferens

30 1651 115 1709 Inter
129 1669 194 1727 qnae
215 1647 328 1726 Bagoas
350 1653 413 1706 erat
435 1647 528 1726 speeie
544 1633 690 1726 ‘singulari
711 1647 810 1725 spado,
825 1654 912 1726 atque
933 1646 964 1704 iu
985 1645 1059 1723 ipsa.

29 1747 101 1804 flore
114 1742 266 1821 pueritiae:
287 1742 333 1800 eui
346 1748 376 1800 et
388 1739 495 1800 Darius
504 1742 600 1800 fuerat
613 1748 753 1816 assuetus,
764 1749 795 1802 et
804 1761 873 1800 mox
882 1739 1049 1800 Alexander
1169 1761 1173 1768 ·

28 1839 176 1914 assuerim
198 1839 314 1916 eJusque
327 1837 450 1896 maxime
464 1837 596 1914 preeibus
608 1845 713 1912 motus,
728 1837 893 1898 Nabarzani
905 1837 1027 1916 ignovit

94 1938 138 1993 13.
160 1933 242 2008 Erat,
265 1939 299 1990 ut
322 1935 409 2010 euprd
433 1931 542 1990 dietum
573 1939 627 2008 est,
651 1933 808 2011 Hyrcaniae
833 1932 955 1992 finitima
976 1950 1048 2012 gene

28 2030 219 2102 Amazonum,
234 2028 311 2086 eirea
325 2027 559 2086 Thermodoonta
576 2047 697 2102 amnem,
712 2027 907 2105 Themiseyrse
925 2027 1049 2086 indolen-

28 2125 106 2182 tium
126 2141 247 2200 eampos
288 2121 433 2200 Reginam
454 2121 601 2186 habebant
623 2121 811 2196 Thalestrim,
825 2121 958 2182 omnibus
971 2121 1051 2180 inter

30 2205 195 2279 Caucasum
207 2222 334 2274 montem
349 2222 379 2272 et
392 2215 513 2274 Phasim
526 2233 638 2274 amnem
657 2216 876 2292 imperitantem
918 2215 993 2274 Haeo
1005 2233 1051 2274 eu·

28 2313 131 2391 pidine
144 2310 256 2371 visendi
270 2309 363 2388 Regis
376 2327 501 2384 aoeensa,
515 2309 620 2370 linibus
630 2310 710 2390 regni
725 2310 771 2370 sui
781 2309 923 2370 excessit:
938 2317 969 2368 et
982 2312 1051 2370 edm

28 2407 110 2466 haud
131 2406 234 2484 procul
254 2406 378 2480 abesset,
400 2404 544 2483 praemisit
570 2404 732 2468 indieantee
757 2405 870 2466 venisse
896 2405 1050 2486 Reginam,

29 2501 158 2562 adeundi
171 2503 234 2579 ejus
247 2499 629 2580 eognoeoendiqueavidam
663 2500 894 2561 Protindsfaott
907 2501 1051 2580 potestate
1088 2551 1092 2556 .

29 2597 174 2672 veniendi,
199 2596 313 2656 oaeteris
331 2593 422 2673 jussis
444 2593 610 2672 subsistere,
633 2615 687 2655 ceo
707 2595 890 2656 foeminarum
912 2596 1051 2658 oomimta

29 2693 180 2771 prooessit
221 2691 320 2770 Atque
333 2699 368 2749 ut
379 2691 508 2768 primdnr
521 2691 588 2750 Rex
600 2691 631 2750 in
644 2697 798 2768 eonspeotu
814 2691 879 2766 init,
894 2711 967 2770 equo
987 2691 1051 2769 ipsa

30 2788 153 2862 desiliit,
167 2787 240 2846 duas
252 2787 366 2846 laneeee
379 2787 659 2864 dextrapraet'ereus
701 2785 1050 2846 VestisnontotoAma·
1125 2831 1135 2846 .

29 2903 139 2944 nonum
151 2869 261 2958 eorperi
274 2881 447 2942 obduoitur:
468 2897 537 2941 nam
549 2882 623 2944 laesa
634 2899 703 2960 pare
717 2881 775 2938 ⁸ad
787 2887 887 2958 peetus
901 2887 948 2940 est
960 2881 1049 2958 nuda,

29 2985 142 3038 eeetera
155 2973 226 3034 inde
237 2975 388 3051 velantur3
407 2995 461 3036 neo
480 2983 578 3035 tamen
599 2976 680 3035 sinus
693 2975 793 3050 vestis,
807 2993 893 3055 quem
905 2975 981 3038 nodo
994 2978 1050 3040 eol·

30 3075 139 3153 ligunt,
154 3071 232 3130 infra
243 3089 338 3150 genua
351 3070 504 3131 deseendit.
545 3071 651 3130 Altera
664 3070 772 3149 papilla
786 3071 896 3132 intaeta
909 3081 1049 3152 servatur,

31 3173 89 3246 qua
110 3163 264 3227 muliebris
285 3183 371 3226 sexus
391 3165 499 3227 liberos
512 3167 609 3226 alant:
630 3165 763 3226 aduritur
784 3167 896 3244 dextra,
910 3175 946 3227 ut
965 3189 1050 3234 artua
1156 3177 1158 3184 “

33 3263 154 3320 faoiliira
177 3259 336 3336 intendant,
360 3267 391 3320 et
412 3261 473 3318 tela
495 3259 618 3322 vibrent.
664 3260 806 3322 Interrito
829 3263 915 3324 vultu
938 3263 1050 3343 Regem

34 3357 198 3416 Thalestris
220 3356 404 3417 intuebatur:
435 3355 587 3417 'habitum
612 3357 675 3434 ejus
706 3357 927 3438 haudquaquam
952 3376 1050 3418 rerum
1098 3403 1102 3412 .

33 3449 121 3510 famae
134 3469 231 3529 param
244 3451 334 3511 oeulis
347 3451 533 3530 perlustrans
596 3451 710 3532 Quippe
723 3453 854 3515 omnibus
867 3451 999 3513 barbarie
1018 3449 1050 3506 in

34 3563 185 3624 eorpormn
197 3548 348 3624 majestate
360 3547 507 3608 veneratio
528 3555 590 3625 eet3
612 3567 835 3628 magnorumque
854 3563 973 3623 operum
991 3561 1050 3612 non

35 3639 106 3702 alios
130 3659 248 3720 oapaees
264 3647 374 3720 putant,
386 3645 475 3722 quam
496 3661 570 3723 quos
593 3643 701 3704 eximit
716 3641 809 3718 speeie
828 3641 934 3718 donare
946 3641 1051 3696 natura
1071 3649 1074 3656 '

36 3737 153 3818 dignata
165 3745 218 3798 eat.
259 3734 406 3798 caerem
419 3738 605 3818 interrogata,
617 3757 687 3798 num
700 3735 810 3813 aliquid
829 3738 925 3810 petere
937 3731 1048 3817 vellet,

36 3831 751 3908 hauddubitavittateri,adoommunioaudoeeum
759 3825 1052 3908 Regeliberesseve·
1086 3911 1089 3918 Ι

207 3933 227 3987 6
