2642 4386
161 393 221 453 214
508 403 649 456 ουτω
676 401 819 444 ourrrr

222 548 268 606 50.
291 545 360 606 Rex
381 543 502 623 spoliari
515 562 620 622 eorpus
645 541 726 617 Pori,
740 541 948 618 interemptum
962 556 1025 598 esee
1045 535 1177 614 eredens,

169 643 279 722 jussit:
309 649 340 700 et
363 640 415 720 qui
438 640 625 700 detraherent
652 637 772 697 lorioam
792 641 968 714 vestemque,
991 641 1176 710 oonourrere3

162 740 231 798 edm
244 736 343 798 bellua
356 735 505 796 dominum
519 733 605 810 tueri,
621 740 651 792 et
670 731 827 812 spoliantes
841 730 929 808 ooepit
943 735 1087 808 oppetere,
1101 728 1178 788 leva·

162 839 283 912 tumque
297 849 401 909 eorpus
423 833 487 908 ejus
506 848 609 888 rursus
631 828 719 888 dorso
741 845 793 886 suo
808 826 963 904 imponere.
1007 823 1088 901 Ergo
1111 822 1181 882 telis

163 928 294 1007 undique
314 927 456 1000 obruitur,
470 925 660 1003 eonfossoque
682 941 725 998 eo,
740 923 771 981 in
785 921 950 982 vehiculum
974 919 1070 990 Porus
1092 918 1182 995 impo-

163 1023 252 1081 nitur.
295 1019 390 1090 Quem
404 1019 471 1078 Rex
492 1026 528 1078 ut
540 1019 616 1078 vidit
640 1017 816 1079 allevantem
835 1017 944 1092 oeulos,
957 1034 1016 1074 non
1036 1013 1112 1088 odio,
1127 1011 1181 1072 sed

164 1115 347 1176 miseratione
367 1121 536 1190 commotus,
557 1117 575 1148 “
588 1113 670 1188 Quae,
685 1115 706 1142 ²⁰
716 1111 871 1172 malum1”
891 1111 995 1191 inquit,
1025 1109 1182 1170 “amentia

164 1219 195 1272 te
215 1211 319 1290 coegit,
333 1229 431 1268 rerum
453 1227 581 1268 mearum
607 1209 725 1288 oognitt
739 1209 826 1284 sumt,
841 1207 913 1268 belli
926 1207 1074 1265 fortunam
1095 1223 1182 1282 expe·

165 1307 227 1376 riri,
243 1307 310 1366 edm
326 1305 444 1364 Taxiles
459 1311 536 1364 esset
550 1305 580 1362 in
594 1304 709 1364 deditos
730 1303 892 1366 elementiae
906 1322 979 1362 meae
993 1308 1053 1360 tam
1065 1301 1182 1378 propin-

165 1421 257 1480 quum
279 1400 335 1460 tibi
359 1399 522 1477 exemplum
534 1400 548 1458 t
560 1401 575 1434 ’'
617 1400 662 1458 At
684 1399 744 1475 ille,
758 1403 775 1434 “
786 1398 957 1472 Quoniam,’'
970 1397 1074 1476 inquit,
1090 1399 1107 1430 “
1118 1415 1183 1474 per-

165 1493 299 1568 oontaris‚
310 1493 490 1571 respondebo
505 1495 540 1553 ed
554 1495 575 1523 '¹
585 1493 731 1568 libertate,
745 1511 832 1572 quam
851 1491 1059 1570 interrogando
1073 1489 1180 1550 fecisti.

167 1589 321 1650 Neminem
342 1607 388 1648 me
415 1589 437 1618 ²²
449 1589 601 1648 fortiorem
629 1607 692 1648 esse
714 1587 874 1648 oensebam
923 1587 1006 1648 Mors
1033 1587 1111 1648 enim
1132 1605 1183 1648 no·

166 1703 268 1744 veram
289 1683 377 1758 vires,
391 1684 520 1742 noudum
544 1691 681 1762 expertus
703 1690 788 1742 tuas:
809 1681 959 1742 fortiorem
973 1701 1034 1742 esse
1057 1689 1088 1741 te
1109 1683 1183 1745 belli

166 1779 267 1838 doouit
280 1785 412 1838 eventus.
453 1779 473 1807 ⁹⁸
484 1778 543 1839 Sed
566 1799 603 1838 ne
628 1779 670 1838 sio
694 1765 812 1858 quidem
833 1797 937 1856 parum
957 1777 1031 1838 felix
1051 1797 1125 1855 sum,
1139 1800 1182 1840 sa

166 1873 278 1932 enudus
298 1873 382 1932 tibi.’'
423 1873 540 1934 Rursus
564 1874 769 1952 interrogatus,
784 1873 856 1953 quid
880 1873 943 1952 ipse
963 1875 1104 1934 viatorem
1125 1883 1182 1935 sta·

166 1975 248 2028 tuere
263 1969 367 2036 debere
381 1977 532 2030 censeret:
554 1973 571 2003 “
584 1969 671 2041 Quod
683 1969 758 2045 hio,'¹
772 1969 876 2048 inquit,
892 1973 909 2002 “
922 1969 984 2030 dies
998 1969 1055 2030 tibi
1067 1971 1181 2048 suadet,

165 2083 224 2144 qno
239 2071 377 2144 expertus
391 2083 431 2140 es,
445 2067 534 2145 quem
548 2067 656 2125 osduoa
669 2065 794 2124 felioitas
808 2071 893 2124 esset
899 2066 914 2098 ’²
949 2065 1024 2124 Plus
1037 2067 1181 2127 monendo

164 2160 297 2238 profecit,
326 2160 414 2240 qutm
442 2161 468 2221 si
494 2169 630 2240 precatus
657 2168 742 2222 esset.
784 2159 929 2238 “Quippe
949 2161 1182 2240 magnitudinem

164 2255 255 2314 animi
279 2257 344 2332 ejus
367 2257 531 2316 interritam
554 2277 587 2316 ao
600 2277 637 2317 ne
656 2258 776 2316 fortunt
798 2257 915 2336 quidem
939 2256 1103 2331 infrsetam,
1123 2278 1182 2318 nou

165 2350 367 2410 misericordia
388 2353 486 2428 modo,
502 2353 656 2412 sedetiam
679 2351 788 2412 honore
811 2351 944 2430 excipere
964 2351 1100 2432 dignatus
1125 2359 1179 2414 est.

166 2443 293 2522 AEgrum
320 2447 432 2506 euravit
457 2447 536 2506 haud
563 2449 648 2506 seods
675 2449 764 2525 qudm
791 2447 817 2506 si
843 2467 896 2524 pro
920 2447 984 2525 ipso
1008 2453 1180 2526 pugntsset

164 2538 184 2568 ¹¹
194 2536 409 2616 Ooufirmrtrm,
424 2548 526 2600 oontre
546 2561 627 2620 spem
641 2542 779 2616 omnium,
794 2541 825 2600 in
849 2543 1007 2602 amicorum
1027 2563 1182 2605 numerum

164 2633 281 2712 reoepit
324 2634 397 2694 Mox
420 2636 541 2696 donavit
563 2637 702 2716 ampliore
724 2657 823 2716 regno,
848 2639 938 2717 qudm
958 2640 1064 2700 tenuit.
1117 2641 1182 2702 Neo

166 2732 235 2791 sane
249 2731 408 2812 quidquam
420 2732 568 2811 ingenium
581 2735 644 2810 ejus
664 2731 786 2792 solidius
800 2739 852 2792 aut
873 2735 1055 2795 oonetantius
1069 2736 1181 2812 habuit,

164 2829 254 2906 qutm
280 2828 502 2890 admirationem
527 2849 606 2890 verm
631 2827 727 2888 laudis
755 2835 786 2888 et
812 2829 922 2908 gloriae.
977 2831 1179 2910 ”Simplioits

166 2927 264 2982 temen
285 2923 392 2984 famem
415 2925 581 2988 aestimabat
601 2925 633 2984 in
654 2925 747 2999 hoste,
761 2925 851 3004 qutm
873 2925 904 2984 in
928 2925 1012 2986 eive:
1034 2928 1142 3007 quippe
1165 2949 1183 2988 a

166 3017 227 3075 suis
252 3019 391 3080 eredebet
412 3022 642 3102 magnitudinem
672 3039 754 3081 snam
779 3019 892 3080 destrui
916 3039 1019 3098 posse:
1049 3024 1181 3084 eamdem

165 3108 317 3171 elatiorem
331 3114 474 3196 fataquo
488 3119 611 3196 majores
625 3116 758 3192 fuissent,
772 3133 846 3197 quos
859 3116 922 3194 ipse
934 3115 1061 3178 risisset
