2642 4386
220 345 277 402 178
568 353 708 406 eururr
733 353 874 396 cuurrr

215 500 367 560 debentem
389 495 511 556 salutem
529 513 618 555 suam.
659 495 679 524 ¹¹
691 491 796 572 Itaque
818 499 886 572 post
908 489 1134 570 expeditionem,
1148 511 1234 571 qnam
1289 471 1290 484 ἵ

215 595 236 626 '¹
247 595 308 654 sine
323 613 356 654 ec
370 591 487 652 iecisset
500 591 562 670 ipse
576 591 606 649 in
621 589 903 668 Illyrios,‘victorem
918 587 1068 666 scripsisse
1091 607 1126 646 se
1148 589 1234 666 patri,

214 691 296 750 fusos
322 690 494 767 fugatosque
527 685 634 760 hostes,
662 704 714 743 nec
741 684 858 743 affuisse
890 702 1013 762 usquam
1047 682 1233 761 Philippum.

216 785 317 844 Laude
343 783 445 862 dignos
468 801 541 855 esse,
563 799 621 839 non
645 780 727 859 ¹'qui
751 779 971 839 Samothracum
994 778 1083 836 initia
1096 779 1235 852 viserent,

215 883 283 941 calm
298 880 401 940 Asiam
414 877 460 936 uri
483 875 648 955 vastarique
662 881 795 954 oportet;
818 874 870 933 sed
884 893 942 948 eos,
956 873 1008 952 qui
1031 875 1236 953 magnitudine

214 995 312 1036 rerum
324 973 410 1032 fidem
423 969 654 1030 antecessissent.

274 1071 302 1128 4.
325 1068 398 1127 Haec
426 1073 457 1124 et
482 1065 528 1123 his
562 1065 669 1123 similia
701 1063 763 1124 laeti
791 1061 909 1122 audiere
940 1065 1085 1140 juvenes:
1120 1063 1234 1142 ingrata

214 1163 375 1224 senioribus
400 1168 491 1236 erant,
513 1159 637 1219 maxime
660 1167 778 1238 propter
803 1159 982 1236 Philippum,
1007 1158 1064 1219 sub
1089 1177 1154 1238 quo
1180 1159 1234 1218 diu·

215 1260 277 1318 tirls
291 1260 432 1319 vixerant.
476 1257 552 1316 Tum
573 1255 679 1330 Glitus,
695 1275 731 1314 ne
745 1255 808 1333 ipse
822 1254 940 1333 quidem
955 1254 1027 1312 satis
1047 1254 1182 1329 sobrius,
1201 1255 1235 1314 sd

214 1375 272 1430 eos,
283 1356 334 1436 qui
348 1355 424 1413 infru
437 1353 533 1431 ipsum
546 1353 568 1381 ¹⁴
580 1351 733 1426 cubabant,
747 1369 913 1425 conversus,
927 1349 949 1380 ¹⁶
959 1349 1117 1426 Euripidis
1131 1351 1235 1410 retulit

214 1471 337 1526 carmen,
362 1449 435 1508 ”ita
457 1455 492 1508 ut
505 1467 593 1508 sonus
615 1446 707 1526 magis
731 1447 819 1524 quam
847 1464 941 1505 sermo
969 1445 1108 1504 exaudiri
1135 1453 1234 1524 posset

214 1567 231 1604 a
259 1546 351 1624 Rege.
406 1543 471 1614 Quo
500 1542 723 1620 significabatur,
752 1541 887 1599 ²⁷“male
919 1541 1084 1600 instituisse
1114 1541 1234 1604 (amos

213 1638 291 1716 qudd
305 1637 421 1715 tropaeis
430 1637 546 1714 Regum
555 1635 699 1694 duntaxat
712 1635 828 1693 uomina
838 1634 1073 1695 inscriberentur.
1097 1635 1232 1698 ”Alieno

215 1733 291 1790 enirn
306 1732 443 1808 sanguine
464 1737 578 1808 partam
600 1730 722 1808 gloriam
743 1731 906 1808 intercipi.”
948 1729 1053 1810 Itaque
1075 1729 1149 1792 Rex
1170 1753 1233 1792 cum

213 1827 412 1904 suspicaretur
428 1826 448 1854 ²⁰
457 1825 615 1904 malignius
640 1825 772 1886 habitum
796 1845 859 1886 esse
880 1845 1049 1901 sermonem,
1064 1829 1232 1905 percontari

212 1923 360 2001 proximos
385 1923 480 2000 coepit,
495 1921 566 2000 quid
590 1941 627 1981 ex
651 1921 729 1982 Glito
750 1923 910 1982 audissent.
954 1923 997 1982 Et
1010 1923 1072 1982 illis
1087 1925 1127 1983 ad
1150 1925 1231 1984 silen-

213 2019 287 2078 tium
311 2017 473 2094 obstinatis,
491 2017 587 2078 clitus
614 2018 757 2096 paulatim
784 2021 894 2096 majore
914 2037 984 2079 voce
1004 2017 1141 2098 Philippi
1170 2029 1231 2080 acta

213 2115 347 2196 bellaque
370 2115 401 2174 in
426 2113 543 2175 Grecis
566 2121 649 2194 gesta
673 2121 887 2188 commemorat,
913 2114 1008 2172 omnia
1034 2115 1231 2192 praesentibus

213 2213 379 2290 praeferens.
422 2211 502 2270 Hinc
525 2210 602 2270 inter
624 2209 756 2288 juniores
771 2229 910 2290 senesque
925 2217 989 2268 orta
1005 2211 1159 2272 contentio
1181 2219 1229 2272 est

213 2307 287 2364 ⁸⁰Rt
314 2307 390 2381 Rex,
418 2307 499 2365 velut
526 2305 670 2384 patienter
697 2305 821 2379 audiret,
846 2305 929 2384 queis
958 2303 1054 2366 illitus
1077 2306 1231 2368 obterebat

213 2399 315 2458 laudes
349 2403 421 2476 ejus,
454 2401 602 2477 ingentem
636 2401 709 2458 iram
743 2408 920 2478 conceperat.
979 2399 1130 2462 Gaeterrlm
1165 2407 1230 2463 eum

212 2493 336 2550 ¹¹animo
358 2493 506 2552 videretur
528 2494 733 2571 imperaturus,
757 2495 782 2554 si
801 2497 887 2554 finem
909 2497 1071 2574 procaciter
1085 2505 1153 2558 orto
1175 2519 1230 2560 ser·

212 2587 290 2646 moni
305 2585 402 2648 Clitus
427 2588 605 2666 imponeret3
626 2589 701 2648 nihil
722 2611 755 2650 eo
769 2591 945 2666 remittente,
960 2593 1056 2670 magis
1079 2613 1229 2673 exaspera·

212 2685 305 2746 batur.
349 2683 474 2764 Jamque
490 2681 586 2743 illitus
611 2685 696 2744 etiam
721 2685 944 2746 Parmenionem
968 2687 1125 2749 defendere
1146 2691 1229 2750 ande

211 2779 285 2841 bat:
322 2788 353 2840 et
381 2779 514 2858 Philippi
549 2779 585 2838 de
613 2781 845 2841 Atheniensibus
872 2781 1024 2842 victoriam
1060 2783 1229 2845 Thebarum

211 2877 385 2954 praeferebat
409 2875 540 2953 excidi03
563 2895 621 2935 nou
635 2876 701 2936 vino
722 2875 817 2952 modo,
843 2877 894 2936 sed
916 2877 1004 2936 etiam
1025 2879 1117 2938 animi
1139 2885 1230 2960 praet

212 2971 394 3028 contentione
407 2978 568 3048 provectus.

271 3069 297 3122 5.
320 3061 371 3122 Ad
392 3066 537 3141 ultimum,
568 3065 629 3127 “si
650 3065 862 3142 moriendum,”
891 3067 996 3147 inquit,
1020 3071 1096 3128 “est
1123 3079 1229 3149 prote,

212 3157 308 3218 Clitus
336 3166 381 3216 est
404 3161 521 3238 primus.
564 3162 609 3221 At
631 3163 699 3220 edm
720 3161 853 3222 victoriae
877 3164 1031 3224 arbitrium
1055 3166 1129 3244 agis,
1156 3187 1226 3245 prm

212 3254 328 3332 cipuum
342 3253 441 3312 ferunt
454 3256 616 3332 praemium,
631 3257 681 3338 qui
695 3257 900 3335 procacissime
914 3260 1006 3338 patris
1020 3261 1067 3318 tui
1081 3263 1228 3322 memoriae

210 3349 347 3409 illudunt.
391 3349 565 3428 Sogdianam
578 3353 725 3432 regionem
735 3353 807 3412 mihi
821 3353 964 3432 attribuis,
978 3357 1068 3415 toties
1077 3357 1227 3432 rebellem,
1289 3399 1290 3424 ,

209 3453 240 3506 et
253 3467 311 3507 non
332 3445 418 3506 modd
443 3445 622 3524 indomitam,
644 3449 696 3508 sed
718 3469 783 3529 quae
806 3470 843 3510 ne
864 3451 961 3531 subigi
981 3451 1101 3532 quidem
1124 3455 1225 3532 possit

210 3543 317 3603 Mittor
331 3543 368 3602 ad
381 3543 458 3602 feras
472 3542 591 3618 bestias,
605 3545 767 3623 praecipitia
780 3546 895 3625 ingenia
916 3548 1043 3607 sortitas.
1086 3548 1150 3609 Sed
1163 3569 1226 3629 quae

208 3639 314 3698 adme
337 3639 491 3718 pertinent,
506 3645 630 3698 transec.
673 3639 806 3720 Philippi
829 3643 937 3702 milites
961 3642 1084 3721 spernis,
1105 3645 1225 3720 oblitus,

208 3732 266 3788 nisi
289 3735 336 3792 hie
352 3735 492 3794 Atherias
516 3753 605 3794 senex
627 3737 757 3814 juniores
778 3755 904 3816 pugnam
925 3737 1124 3798 detrectantes
1145 3759 1225 3801 reso

207 3825 311 3897 otsset,
326 3827 419 3885 adhuc
440 3849 493 3888 uos
514 3831 590 3889 circa
605 3831 842 3891 Halicarnassum
855 3833 984 3893 haesuros
1004 3833 1104 3894 fuisse.
1150 3835 1217 3908 Quo
1289 3881 1290 3900 .
