2520 4390
218 329 274 386 112
562 341 701 392 curari
731 341 871 414 ouarrr

214 482 272 544 nisi
295 480 410 542 saucius
423 481 544 542 revertit
567 480 598 538 in
621 487 723 538 omtra
778 479 852 540 Haec
865 477 991 538 viatoria
1011 497 1076 538 nou
1102 479 1233 558 Spartan

215 577 300 636 modd
325 577 472 654 sociosque
500 579 572 654 ejus,
597 575 648 634 sed
673 575 760 633 etiam
784 573 956 652 omnesqui
984 574 1147 632 fortunam
1174 573 1232 634 belli

216 678 424 750 spectaverant,
448 671 543 748 fregit.
586 669 649 730 Nec
671 669 792 728 fallebat
812 667 1013 744 Antipatrum,
1045 669 1064 696 ¹⁰
1077 669 1231 726 dissentire

216 767 252 826 ab
276 766 378 825 animis
402 765 610 844 gratulantium
634 764 752 823 vultus:
783 763 834 822 sed
857 762 966 822 bellum
988 763 1074 821 finire
1100 763 1230 842 cupienti,

216 881 288 942 opus
303 869 365 920 erat
379 860 490 938 decipi,
513 866 542 917 et
564 878 727 937 quanquam
740 859 857 918 fortuna
877 877 974 916 rerum
995 857 1149 934 placebat,
1172 857 1228 916 invi·

217 957 295 1016 diam
322 964 427 1027 tamen,
455 953 525 1032 quia
547 955 672 1029 majores
695 972 743 1012 res
767 960 858 1028 eraut,
878 952 966 1030 quam
989 971 1066 1030 quas
1095 952 1228 1014 Praefecti

216 1051 319 1110 modus
348 1055 470 1126 caperet,
498 1047 661 1123 metuebat,
693 1047 799 1126 quippe
827 1046 995 1106 Alexander
1021 1046 1133 1107 hostes
1162 1048 1228 1108 vinei

215 1145 353 1219 voluerat,
376 1141 566 1220 Antipatrum
589 1141 694 1201 vicisse
709 1143 726 1170 ¹¹
739 1162 775 1200 ne
795 1141 901 1200 tacitus
922 1141 1040 1220 quidem
1062 1143 1227 1222 indignaba-

216 1249 279 1316 tur,
316 1257 376 1298 suae
403 1237 552 1316 demptum
579 1236 680 1315 gloriae
711 1237 890 1311 existimans,
918 1235 1059 1316 quicquid
1097 1239 1252 1306 cessisset

217 1335 327 1394 alienae.
391 1332 496 1412 Itaque
521 1331 680 1408 Antipater
703 1330 754 1409 qui
775 1330 865 1408 probe
889 1333 988 1390 nosset
1010 1330 1145 1407 spiritus
1167 1336 1226 1408 ejus,
1251 1319 1252 1338 ¹

216 1451 273 1490 non
295 1437 340 1489 est
361 1447 449 1488 ausus
468 1427 529 1506 ipse
555 1426 573 1454 ¹²
584 1445 667 1504 agere
689 1425 812 1484 arbitria
831 1424 980 1484 victoriae:
1001 1425 1055 1484 sed
1076 1427 1226 1484 concilium
1251 1413 1252 1442 ³

218 1525 394 1598 Graecorum,
416 1522 486 1602 quid
508 1520 571 1579 fieri
592 1520 727 1598 placeret,
751 1519 903 1578 consuluit.
953 1520 983 1578 A
1007 1539 1068 1598 qno
1097 1521 1225 1580 Lacedae
1251 1515 1252 1560 1

216 1619 315 1692 monii,
328 1617 401 1675 nihil
415 1615 503 1692 aliud,
517 1616 606 1692 quam
615 1622 650 1671 ut
664 1622 793 1672 oratores
807 1614 845 1674 ad
859 1613 972 1692 Regem
984 1614 1109 1674 mittere
1125 1616 1225 1686 liceret,

218 1713 362 1789 Tegeatae,
389 1709 503 1770 veniam
530 1707 850 1786 defectionis,’preeter
883 1717 1025 1783 auctores,
1056 1709 1225 1787 impetrare

217 1811 293 1862 runt.
336 1801 597 1880 Megalopolitanis,
622 1821 744 1880 quorum
765 1801 836 1862 urbs
859 1809 922 1861 erat
947 1803 1068 1862 obsessa
1096 1825 1116 1862 a
1145 1806 1225 1864 delae

218 1898 307 1957 tionis
322 1897 417 1970 sociis,
433 1895 536 1954 Achaei
550 1902 580 1954 et
601 1895 668 1954 Elei
688 1903 803 1956 centum
816 1897 923 1975 viginti
942 1896 1052 1954 talenta
1067 1897 1143 1958 dere
1162 1899 1224 1976 jussi

218 1999 292 2051 sunt.
336 1991 396 2049 Hie
411 1989 469 2048 luit
483 1989 579 2048 exitus
595 1989 672 2064 belli,
687 1991 765 2070 quod
779 1990 899 2067 repente
910 1998 1015 2064 ortum,
1029 1992 1121 2068 pride
1139 2002 1224 2052 tamen

217 2088 329 2147 finitum
343 2093 397 2160 est,
411 2087 498 2166 quem
513 2083 635 2144 Darium
649 2085 818 2144 Alexander
832 2085 910 2162 apud
924 2085 1035 2146 Arbela
1045 2099 1209 2164 superaret

277 2182 320 2242 II.
344 2185 368 2242 4.
392 2181 451 2244 sed
472 2188 505 2239 ut
526 2180 650 2258 primirm
670 2179 847 2239 instantibus
868 2179 946 2238 curis
966 2181 1085 2238 laxatus
1108 2191 1158 2242 est
1179 2182 1223 2240 ani·

185 2325 189 2336 .
217 2299 290 2352 mus,
311 2279 481 2336 militarium
503 2297 599 2336 rerum
623 2276 711 2356 quam
732 2275 839 2356 quietis
861 2275 969 2354 otiique
990 2276 1167 2352 patientior,
1187 2298 1225 2336 ex·

218 2381 318 2452 cepere
341 2394 406 2432 eum
424 2373 608 2450 voluptates:
630 2380 661 2430 et
683 2391 769 2450 quem
789 2391 869 2430 arma
889 2371 1046 2430 Persarum
1066 2391 1129 2430 non
1144 2375 1225 2452 frege
1254 2405 1255 2410 κ

218 2475 292 2540 rant,
315 2469 388 2525 vitia
408 2467 545 2524 vicerunt.
601 2466 813 2544 Intempestive
837 2466 975 2540 convivia,
998 2473 1028 2524 et
1054 2467 1225 2545 perpotandi

217 2560 465 2640 pervigilandique
480 2560 599 2618 ¹insana
621 2560 751 2636 dulcedo,
774 2561 893 2640 ludique
915 2569 945 2620 et
956 2580 1059 2640 greges
1081 2563 1225 2639 pellicum,

218 2655 334 2714 'omnia
359 2655 390 2713 in
417 2662 568 2714 externum
595 2655 675 2732 lapsa
695 2675 821 2716 morem:
853 2677 939 2736 quem
963 2657 1121 2716 aemulatus
1150 2658 1226 2737 quasi

218 2753 357 2832 potiorem
372 2771 432 2827 suo,
447 2751 491 2808 ita
513 2750 694 2829 popularium
709 2753 818 2812 animos
841 2754 994 2832 oculosque
1016 2753 1131 2831 pariter
1147 2757 1226 2814 offen·

218 2849 270 2926 dit,
283 2856 317 2907 ut
330 2869 347 2907 a
360 2845 504 2926 plerisque
518 2845 673 2906 amicorum
693 2867 745 2925 pro
761 2847 850 2928 ¹hoste
871 2847 1033 2908 haberetur.
1100 2849 1227 2908 Tenaces

217 2945 323 3022 quippe
346 2941 506 3022 disciplinae
528 2963 598 3018 suae,
612 2943 771 3022 solitosque
793 2963 879 3021 parco
902 2963 935 3002 ao
956 2943 1081 3022 parabili
1097 2947 1183 3006 victu
1196 2945 1227 3004 ad

219 3037 365 3114 implenda
383 3047 495 3098 naturae
516 3037 660 3098 desideria
674 3039 684 3068 ¹
696 3038 821 3116 defungi,
833 3039 863 3097 in
884 3041 1036 3120 peregrina
1050 3047 1080 3098 et
1105 3041 1227 3102 devicta·

218 3153 282 3190 rum
302 3133 431 3210 gentium
455 3133 530 3192 mala
549 3133 711 3212 impulerat.
774 3133 853 3192 Hinc
874 3135 983 3211 seepids
1003 3145 1183 3212 comparatae
1203 3139 1227 3194 in

218 3234 304 3304 caput
317 3229 379 3304 ejus
394 3227 516 3302 insidiae,
532 3229 653 3288 secessio
666 3228 801 3304 militum,
815 3237 846 3288 et
858 3229 995 3290 ⁴liberior
1014 3230 1092 3288 inter
1114 3242 1228 3292 mutuas

218 3321 349 3404 querelas
364 3321 462 3380 dolor:
480 3323 574 3399 ipsius
586 3323 690 3404 deinde
705 3343 780 3382 nunc
794 3324 845 3398 ira,
860 3344 936 3382 nuno
951 3325 1143 3402 suspiciones,
1158 3347 1226 3407 quas

218 3417 362 3478 excitabat
376 3415 554 3476 inconsultus
567 3437 664 3496 pavor,
679 3427 838 3500 caeteraque
851 3419 897 3478 his
912 3419 1025 3493 similia,
1040 3440 1108 3499 quae
1124 3422 1225 3482 deinde

218 3516 358 3575 dicentur.
401 3511 498 3590 igitur
512 3515 576 3570 edm
589 3513 799 3592 intempestivis
814 3514 953 3574 conviviis
968 3515 1029 3573 dies
1039 3515 1153 3592 pariter
1166 3537 1225 3576 noc

218 3619 317 3690 tesqua
340 3614 528 3682 consumeret,
543 3608 707 3667 satietatem
734 3609 882 3687 epularum
904 3610 982 3670 ludis
1010 3600 1223 3689 interpellabat,

218 3725 274 3762 non
298 3711 449 3762 contentus
472 3703 613 3760 artificum
633 3722 705 3782 quos
728 3723 744 3762 e
769 3703 884 3764 Graecia
912 3707 1090 3766 excitaverat
1128 3708 1221 3766 turba

219 3796 332 3874 Quippe
347 3799 468 3875 captivae
478 3799 655 3876 jubebantur
668 3819 720 3857 suo
733 3800 793 3856 ritu
813 3818 914 3859 cancre
935 3800 1115 3860 inconditum
1137 3811 1167 3860 et
1181 3801 1221 3860 ab
