2520 4390
350 373 471 415 uranu
497 373 531 414 v.
561 373 645 414 oar.
662 371 728 414 av.
779 339 793 350 ⁸
1007 355 1046 416 st

63 501 94 570 et¹
106 511 138 571 iis
159 511 248 589 copiis,
261 530 331 591 quas
352 503 499 592 Meleager
521 511 655 588 ducebat,
668 517 699 571 et
719 507 880 591 agrariis
901 509 1048 588 equitibus

60 608 134 682 mille,
154 607 281 685 praecipit,
304 613 337 665 ut
361 597 523 666 castrorum
547 607 641 684 specie
663 605 804 680 manente,
827 605 924 684 plnres
946 604 984 664 de
1003 605 1046 664 iu·

61 701 158 760 dustrit
178 703 250 780 ignes
261 691 521 779 'lieri'imperaret'
541 695 601 780 'qud
624 701 719 780 magis
745 701 867 760 Barbari
886 699 1044 775 crederent,

57 796 138 872 ipsum
150 787 250 874 Regem
262 796 294 855 in
307 796 492 860 castricense.
536 795 688 872 ceterum,
702 797 728 856 si
742 796 820 855 forth
834 795 1045 856 Ariobarzanes

57 891 218 968 cognovisset,
232 909 282 968 per
304 891 422 950 callium
443 891 584 950 infractus
608 891 702 950 ¹”eum
722 891 842 966 intrare,
856 897 887 948 et
906 889 945 948 ad
964 907 1045 948 cecu-

56 985 159 1059 pandum
171 986 223 1044 iter
236 1003 327 1061 suum,
340 977 453 1064 partem
473 986 619 1065 copiarum
638 990 782 1046 tentasset
795 1003 953 1064 opponerc3
977 983 1044 1045 (lra-

56 1086 128 1154 terus,
142 1080 169 1138 in
191 1099 253 1139 eum
268 1081 380 1139 ¹'illato
400 1088 523 1156 terrore,
531 1081 670 1140 retineret
692 1081 730 1140 ad
752 1081 871 1159 propius
884 1079 1044 1158 periculum

56 1191 198 1234 conversum
210 1193 319 1253 agmen.
362 1173 414 1235 Sin
437 1183 534 1234 autem
555 1176 618 1253 ipse
629 1175 744 1235 hostem
762 1175 924 1250 fefellisset,
944 1182 976 1234 et
989 1173 1044 1234 sul·

56 1289 99 1327 nm
125 1273 294 1346 occupasset,
323 1270 393 1328 edm
417 1268 624 1346 trepidantium
656 1269 853 1330 Barbarorum
885 1269 1044 1328 tumultum

56 1364 198 1421 txaudisset
219 1365 238 1392 ¹⁴
249 1364 482 1440 persequentium
505 1363 628 1441 Regem,
640 1363 672 1422 id
693 1363 789 1441 ipsum
802 1363 867 1438 iter,
880 1383 938 1441 quo
949 1363 1044 1440 pridie

56 1455 111 1513 ›ulsi
123 1456 242 1532 fuerant,
257 1475 294 1514 ne
308 1455 454 1517 dubitaret
466 1457 577 1536 ingredi
589 1475 597 1517 :
617 1457 724 1536 quippe
737 1475 859 1518 vacuum
871 1458 944 1533 fore,
956 1456 1044 1518 hort·

56 1567 91 1608 us
104 1549 134 1607 in
146 1557 233 1609 semet
245 1551 361 1612 aversis.

97 1649 138 1704 15.
160 1645 225 1723 Ipse
248 1646 338 1704 tertia
351 1645 463 1726 vigilia,
484 1645 584 1706 silenti
605 1647 728 1727 agmine,
742 1667 775 1706 ac
795 1667 832 1706 ne
844 1646 1042 1726 tubaquidsm

56 1747 98 1798 ato
111 1741 201 1819 signo,
215 1741 310 1820 pergit
322 1741 360 1800 ad
383 1743 611 1802 demonstratum
632 1744 689 1802 iter·
701 1743 824 1803 callium
865 1742 968 1802 Tridui
989 1743 1042 1802 ali·

56 1842 126 1893 centa
137 1843 250 1912 portare
263 1837 390 1896 militem
409 1839 538 1914 jusserat
557 1838 661 1898 leviter
673 1845 821 1898 umatum
863 1837 923 1899 Sed
936 1846 1043 1916 preter

56 1930 119 1988 rrius
141 1941 233 2008 rupes,
255 1949 288 1990 ac
310 1939 456 2009 praerupta
479 1951 558 2008 saxa,
578 1933 733 2010 vestigium
755 1931 877 1994 subinde
900 1932 1041 2009 fallentia,

56 2045 77 2082 ,x
100 2025 244 2083 cumulata
263 2032 349 2086 rento
372 2026 568 2105 ingredientes
586 2027 739 2106 fatigabat
782 2026 895 2104 Quippe
908 2027 991 2086 velut
1010 2029 1042 2088 iu

56 2138 122 2176 veae
143 2119 232 2177 delati
254 2119 471 2194 hauriebantur,
485 2127 516 2178 et
536 2123 604 2178 curn
617 2139 635 2179 a
647 2120 894 2180 commilitonibus
913 2121 1042 2180 levaren-

56 2233 83 2286 n,
106 2213 262 2272 trahebant
284 2213 377 2291 magis
404 2214 582 2290 adjuvantes,
606 2217 695 2292 quam
720 2214 919 2292 sequebantur.
973 2213 1043 2274 Nox

56 2325 145 2384 noque,
167 2313 198 2364 et
218 2307 318 2386 ignota
340 2307 430 2386 regio,
456 2327 489 2365 ae
513 2307 581 2383 dux,
607 2309 761 2385 (incertum
786 2327 824 2366 an
850 2308 922 2368 setis
946 2308 1040 2386 fidus)

56 2401 260 2478 ultiplicabant
283 2403 304 2432 ¹⁰
314 2409 433 2478 metum,
457 2403 483 2462 si
510 2401 643 2462 custodes
674 2402 834 2479 fefellisset,
857 2403 940 2483 qussi
963 2404 1041 2464 feres

56 2496 132 2554 stiae
159 2495 240 2574 ipsos
263 2513 350 2574 posse
369 2496 553 2575 deprehendi.
605 2497 654 2556 de
674 2498 761 2557 unius
781 2499 890 2576 captivi
911 2497 957 2558 vel
982 2499 1039 2560 fido

56 2591 62 2647 l
93 2591 201 2667 anima,
228 2591 352 2669 pendere
380 2598 411 2650 et
430 2589 523 2672 Regis
554 2591 677 2652 salutem
706 2599 736 2652 et
763 2611 870 2653 suam.
909 2593 1039 2654 landem

56 2689 123 2744 nere
137 2685 170 2743 in
180 2687 292 2765 jugum.
334 2689 365 2746 A
378 2685 482 2746 dextra
495 2688 552 2748 iter
565 2687 603 2746 ad
622 2687 717 2766 ipsum
729 2687 954 2749 Ariobarzanem
966 2696 1037 2750 crat.

56 2793 77 2838 ‘e
92 2780 246 2839 Philotam
260 2787 291 2838 et
305 2779 414 2842 Ooenon
427 2800 492 2840 cum
512 2783 645 2860 Amynta
658 2788 688 2840 et
709 2781 940 2858 Pclysperoonte,
955 2800 1039 2860 expe-

57 2894 110 2931 am
133 2873 276 2934 habentes
298 2895 423 2951 maman,
446 2875 574 2955 reliquit,
595 2875 730 2949 monitus,
756 2878 772 2910 “
783 2882 818 2933 ut
839 2875 909 2954 quia
923 2875 943 2904 ¹⁸
952 2894 1038 2956 eques

56 2968 110 3026 liti
134 2975 200 3026 erat
223 2969 339 3044 mixtus,
353 2977 384 3028 et
403 2965 702 3050 qua'pinguissimum
723 2976 800 3028 esset
821 2970 923 3047 solum,
938 2978 968 3032 et
989 2993 1037 3050 pa-

56 3065 73 3122 i
101 3063 215 3138 fertile,
244 3065 351 3122 sensim
376 3065 589 3141 procederent”
640 3064 735 3124 Duces
760 3071 841 3124 erant
859 3065 974 3126 itineris
1000 3067 1037 3128 de

56 3158 139 3217 tivis
155 3157 232 3218 dati.
274 3157 344 3236 Ipse
365 3176 429 3218 cum
454 3159 612 3238 armigeris,
627 3165 658 3218 et
681 3158 738 3236 alt,
751 3178 838 3239 quam
851 3163 970 3236 Αμηια
989 3183 1036 3240 ap·

56 3255 133 3328 lant,
158 3253 257 3312 ardut
280 3253 396 3329 semita,
417 3254 468 3314 sed
489 3254 607 3333 longids
626 3273 644 3312 a
664 3255 836 3317 stationibus
854 3256 981 3318 hostium
994 3275 1036 3316 re

56 3352 100 3421 ta,
117 3348 221 3406 multa
241 3367 308 3408 eum
327 3349 479 3408 vexatione
501 3349 648 3426 prooessit
689 3349 804 3410 Medius
827 3359 891 3410 erat
912 3351 984 3424 dies,
1006 3355 1037 3408 et

56 3443 147 3522 [gatis
173 3443 340 3503 necessaria
360 3443 449 3522 quies.
491 3443 604 3523 Quippe
618 3445 796 3505 tantumdem
808 3445 924 3504 itineris
936 3461 1035 3518 super-

56 3544 74 3612 t,
99 3544 255 3615 quantum
275 3539 384 3597 emensi
397 3544 488 3614 erant,
502 3539 554 3599 sed
565 3540 664 3599 minda
672 3540 829 3618 praeoipitis
842 3545 929 3614 etque
942 3535 1033 3596 ardui.

56 3651 112 3710 pue
142 3632 271 3692 refectis
296 3633 361 3692 cibo
389 3651 542 3712 somnoque
567 3635 721 3708 militibus,
751 3631 905 3690 1⁷secundt
931 3629 1034 3708 vigilia

56 3729 107 3804 git,
140 3735 175 3786 et
205 3735 313 3788 caetera
338 3728 454 3806 quidem
478 3729 557 3789 haud
582 3730 660 3808 aegrh
687 3725 834 3804 praeteriit
877 3723 1033 3804 Oaeterrlm,

78 3841 115 3882 se
136 3825 252 3904 jugum
273 3823 413 3884 montium
433 3825 575 3902 paulatum
595 3823 634 3882 ad
655 3821 789 3900 planiora
806 3817 942 3898 demittit,
965 3823 1036 3902 “ing
