2622 4382
343 391 466 432 nisan
496 391 548 432 rx.
580 391 667 432 oar.
698 391 751 432 rx.
995 371 1056 437 m

80 532 161 608 mari:
188 531 326 609 quauttlm
352 528 422 590 inde
447 529 564 592 abesset
586 549 676 605 mare,
697 549 764 610 quse
791 535 894 608 gentes
917 527 1055 606 colerent,

80 627 137 684 rim
158 625 299 703 plecidum
322 625 414 684 amnis
435 643 476 695 os,
492 626 603 704 'quim
626 626 740 702 patiens
764 624 916 703 longarum
939 625 1056 685 nuvium

80 729 136 792 raet,
155 740 257 800 anceps
279 728 310 780 et
333 739 411 780 casea
432 721 588 782 aestimatio
612 720 818 799 augurabatur.
856 718 970 782 ·Unum
992 725 1057 780 erat

79 817 216 876 emeritatis
229 816 374 893 solatium,
394 823 537 897 perpetua
557 816 691 876 felicitas.
734 815 805 876 Jam
824 801 1057 895 ⁴quadririgeuts

79 912 437 989 ¹adioprooesseraut,oi1m
450 912 659 990 gubernatores
674 929 829 989 agnoscere
843 911 923 988 ipsos
937 910 1056 970 'cunm

79 1007 142 1080 aris,
157 1014 185 1066 et
206 1006 284 1066 haud
307 1006 409 1084 procul
432 1005 529 1066 videri
552 1006 611 1068 sibi
633 995 782 1068 Oceanum
802 1005 911 1080 obesse,
927 1003 1057 1065 indicant

79 1103 129 1181 egi.
169 1103 269 1163 Laetus
284 1103 335 1162 ille
349 1102 461 1162 hortari
475 1103 608 1162 nauticos
623 1102 720 1179 coepit,
735 1101 937 1172 incumberent
957 1099 1055 1174 remis

79 1199 145 1256 lesse
165 1199 248 1258 finem
276 1198 385 1257 loboris
407 1198 540 1258 omnibus
565 1199 642 1258 votis
671 1199 842 1276 expetitum,
884 1196 955 1258 Jam
981 1195 1057 1256 nihil

79 1295 145 1353 crite
167 1295 275 1367 deesse,
290 1293 366 1352 nihil
390 1292 508 1352 obstare
531 1293 644 1353 virtuti.
687 1292 757 1352 Sine
781 1292 844 1352 ullo
869 1291 976 1350 Martis
1000 1292 1056 1352 dis·

79 1390 171 1462 imine,
186 1388 246 1446 siue
260 1388 401 1466 sanguine
414 1387 514 1447 orbem
527 1393 615 1446 terra
629 1387 666 1447 ab
680 1387 740 1446 illis
754 1386 826 1464 capi
861 1386 1057 1449 Nouatum

79 1483 161 1541 idem
173 1483 289 1560 longius
303 1501 387 1560 posse
401 1481 576 1560 procedere;
597 1482 682 1542 brevi
695 1481 851 1560 incognita,
866 1481 924 1540 nisi
944 1481 1057 1542 immor·

79 1578 160 1654 libus,
173 1597 236 1637 asse
249 1577 373 1638 visuros.
416 1577 532 1637 Paucos
551 1584 649 1636 tamen
668 1577 783 1656 neugio
798 1576 896 1637 emisit
908 1577 939 1636 in
952 1576 1056 1654 ripam,

79 1673 94 1730 ri
115 1680 244 1752 agrestes
264 1692 354 1752 vegos
376 1673 584 1751 exciperent,e
605 1672 711 1752 quibus
733 1671 858 1730 certiora
878 1672 958 1732 nosci
972 1689 1057 1750 posse

79 1769 184 1829 orabat
227 1769 279 1829 Illi
299 1770 422 1830 scrutati
435 1769 532 1828 omnia
544 1769 672 1847 tuguria,
687 1767 806 1826 tandem
831 1767 957 1828 latentes
976 1787 1055 1846 repe

79 1885 112 1922 re.
156 1863 215 1934 Qui
238 1865 410 1943 interrogati
422 1866 510 1944 quim
530 1864 633 1942 procul
652 1864 788 1924 abessent
800 1863 883 1940 mari,
896 1863 1052 1941 responde

79 1967 109 2018 ut
122 1960 236 2020 nullum
249 1961 329 2038 ipsos
341 1981 421 2020 mare
435 1979 472 2020 ue
486 1960 564 2020 fami
578 1960 696 2038 quidem
710 1959 864 2036 accepisse.
903 1957 1054 2021 Gauron

78 2056 125 2113 tio
141 2055 189 2114 die
202 2055 348 2132 perveniri
361 2055 496 2133 possead
510 2075 613 2134 aquam
627 2073 764 2127 ornarem,
775 2073 841 2131 quae
855 2060 1055 2130 corrumperet

80 2150 162 2208 leem.
206 2150 393 2210 Intellectum
416 2157 462 2210 est
485 2169 564 2208 mare
589 2149 732 2208 destinari
753 2147 790 2208 ab
814 2147 922 2225 ignaris
942 2153 1055 2208 natura

78 2264 109 2302 rs.
153 2243 260 2324 Itaque
273 2245 384 2323 ingenti
405 2245 557 2304 alacritate
577 2243 688 2304 neutici
701 2243 858 2320 remigant,
873 2249 904 2302 et
922 2241 1055 2319 proxime

78 2360 153 2419 oque
168 2341 226 2416 die,
241 2341 320 2420 ‘quo
331 2341 453 2420 propius
476 2358 543 2418 spes
568 2338 785 2412 admovebatur,
800 2337 949 2398 crescebat
969 2336 1055 2398 ardor

78 2437 208 2494 imorum.
253 2435 356 2496 Tertio
378 2438 441 2514 jam
461 2435 510 2494 die
530 2435 655 2494 mixtum
673 2433 787 2492 flumini
810 2431 946 2494 'subibat
966 2451 1055 2510 mure,

78 2532 93 2588 i
115 2531 213 2590 adhuc
234 2538 311 2592 aestu
335 2531 531 2591 confundente
555 2531 686 2608 dispares
708 2528 810 2588 undas.
865 2528 940 2588 Tum
967 2528 1055 2590 ahin

78 2627 178 2686 rsulam
201 2627 298 2686 medio
312 2627 390 2686 smui
410 2627 499 2686 sitam
512 2627 605 2686 evecti
618 2625 705 2704 paule
724 2624 842 2699 leutius,
860 2624 929 2704 quio
952 2641 1055 2684 cursus

78 2729 110 2780 tu
144 2723 396 2801 reverberabatur,
420 2723 568 2802 applicant
594 2722 726 2796 classem,
754 2728 785 2780 et
810 2720 848 2778 ad
875 2727 1055 2778 commeatus

78 2817 179 2876 tendas
207 2817 384 2892 discurrunt,
407 2819 521 2878 'menri
543 2820 627 2876 casis
654 2819 721 2893 ejus
749 2815 800 2893 qui
825 2813 993 2890 supervenit
1015 2813 1056 2893 ig·

78 2929 122 2968 ns.

93 3008 143 3064 30.
168 3005 272 3065 Tertia
294 3007 385 3066 immi
413 3008 485 3068 horu
507 3015 578 3080 erut,
605 3007 674 3065 odm
699 3007 806 3064 1⁰stata
829 3003 894 3064 vice
921 2999 1055 3069 Oceanus

78 3108 206 3161 estuans
233 3101 332 3162 invehi
359 3102 455 3180 coepit,
480 3109 512 3162 et
538 3103 618 3162 retro
645 3101 753 3160 flumen
778 3119 890 3178 urgere.
939 3101 958 3130 ¹¹
968 3100 1055 3172 Quod

78 3199 125 3256 md
147 3185 320 3273 coercitum,
335 3197 442 3258 deinde
455 3198 654 3258 vehementius
674 3197 800 3276 pulsum,
814 3199 924 3274 majore
943 3198 1055 3277 impetu

78 3313 190 3352 versum
206 3294 356 3373 agebatur,
370 3295 460 3373 qudm
473 3293 615 3354 torrentia
627 3293 774 3372 praecipiti
793 3293 877 3353 alveo
890 3294 1053 3354 incurrunt.

78 3396 141 3448 rota
154 3389 246 3468 vulgo
259 3390 329 3449 uati
352 3396 457 3450 natura
480 3397 552 3465 erat,
567 3397 763 3470 monstraque,
778 3397 809 3448 et
829 3390 882 3450 irae
896 3389 995 3448 Deum
1014 3388 1055 3446 in·

78 3487 107 3544 ia
123 3505 247 3544 cernere
260 3485 444 3546 videbantur.
488 3485 656 3546 Identidem
670 3487 863 3546 intumescere
877 3501 966 3556 mare,
980 3487 1011 3540 et
1023 3481 1054 3543 iu

78 3563 147 3659 ipos
173 3580 265 3658 paulo
287 3581 354 3640 ante
377 3581 469 3642 sicces
493 3581 669 3643 descendere
691 3581 884 3660 superfusum.
927 3576 1054 3654 Jamque

78 3676 166 3735 >vatis
190 3675 325 3755 navigiis,
340 3684 371 3735 et
393 3681 459 3736 tote
472 3677 564 3738 classe
588 3677 730 3754 disperst‚
744 3675 797 3753 qni
817 3670 1053 3748 expositionum,

78 3771 162 3850 lique
177 3771 218 3830 ad
228 3789 318 3832 naves
332 3773 440 3850 trepidi
454 3779 485 3832 et
498 3773 655 3850 improviso
668 3770 745 3828 malo
755 3765 877 3826 attoniti
890 3773 1051 3824 recummt

78 3868 84 3924 l
101 3868 135 3924 in
151 3867 288 3926 tumultu
300 3867 447 3928 imtimtio
467 3869 583 3946 queque
603 3867 689 3924 tardo
702 3871 755 3924 est.
801 3861 845 3921 Hi
859 3860 956 3922 contis
976 3861 1053 3922 nari·
