2520 4390
199 383 254 443 102
540 357 685 448 ouirrr
709 399 851 441 eoenrr

195 539 353 600 aulcbatur.
406 539 476 598 Dux
498 539 665 600 Graecorum
688 541 816 598 militum
838 539 978 599 ¹⁰Patron
1002 561 1091 600 arma
1116 564 1227 622 capere

193 653 261 694 suos
294 635 387 712 jubet,
421 643 592 714 paratosque
626 653 688 693 esse
722 635 759 693 ad
793 636 1008 713 exsequendum
1046 638 1222 715 imperinm.

194 731 293 790 Persae
308 738 492 789 secesserant.
536 731 647 788 Bessus
661 749 726 788 cum
741 722 907 789 Bactrianis
921 738 992 804 erat,
1016 735 1222 813 tentabatqne

193 827 299 885 Persas
327 827 486 903 abducere,
518 825 635 900 Bactra,
663 833 692 883 et
719 825 837 884 intactae
863 826 988 902 regionis
1017 829 1218 904 opulentiam,

192 922 343 1001 simulque,
359 941 425 1000 quae
438 921 622 980 manentibus
633 921 781 995 instarent,
793 920 920 998 pericula
934 929 1100 1000 ostentans.
1150 925 1217 982 Per·

192 1037 289 1074 aarum
301 1017 429 1076 omnium
444 1016 542 1073 eadem
557 1017 619 1073 fere
641 1016 698 1073 fuit
711 1035 777 1090 rox,
792 1015 873 1074 nefas
894 1035 956 1074 esse
971 1017 1071 1076 deseri
1088 1019 1215 1096 Regem

191 1111 273 1170 Inter
288 1113 349 1171 haec
365 1112 526 1170 Artabanus
541 1111 673 1170 omnibus
688 1111 880 1188 imperatoriis
900 1111 1083 1190 fungebatur
1100 1115 1212 1172 officiis.

190 1207 248 1265 Ille
271 1207 428 1266 Persarum
450 1207 635 1267 tabernacula
657 1207 816 1283 circumire,
838 1207 957 1278 hortari,
982 1227 1110 1267 monere
1137 1231 1213 1268 nunc

191 1303 327 1382 singulos,
350 1323 426 1361 nunc
449 1303 608 1376 universos,
631 1287 693 1359 non'
711 1301 778 1359 ants
802 1301 924 1374 destitit,
939 1301 1027 1380 quiam
1042 1305 1125 1363 satis
1149 1326 1211 1364 con·
1253 1361 1254 1374 ,

190 1406 283 1458 staret
295 1399 434 1478 imperata
447 1399 583 1457 facturos.
625 1397 709 1456 Idem
721 1397 798 1474 aegrd
813 1396 930 1454 aDario
944 1395 1132 1475 impetravit,
1148 1403 1171 1429 ¹⁰
1181 1409 1211 1459 nt

189 1497 286 1556 cibum
300 1503 424 1573 caperet,
439 1495 621 1572 animumque
636 1492 737 1570 Regis.

168 1651 173 1658 ,
248 1589 287 1648 Χ.
308 1595 357 1648 27.
380 1589 424 1646 At
446 1589 557 1646 Bessus
580 1595 610 1644 et
632 1587 825 1662 Nabarzanes,
849 1585 918 1645 olim
941 1587 1087 1664 agitatum
1114 1592 1208 1650 scelus

189 1685 308 1761 exsequi
332 1690 475 1756 statuunt,
487 1683 569 1760 regni
593 1681 752 1758 cupiditate
772 1682 892 1740 accensi.
936 1681 1023 1741 Dario
1039 1692 1147 1744 antem
1167 1688 1205 1744 in-

189 1777 303 1851 columi,
326 1783 423 1834 tantas
446 1795 514 1852 opes
537 1795 653 1852 sperare
676 1796 733 1834 non
755 1785 897 1854 poterant.
949 1777 1066 1856 Quippe
1090 1781 1206 1840 inillis

187 1872 325 1952 gentibus
345 1871 461 1948 Regum
484 1871 609 1928 ¹eximia
630 1873 767 1948 majestas
788 1880 841 1930 est.
884 1872 934 1930 Ad
954 1892 1061 1931 nomen
1085 1878 1206 1956 qnoque

188 1967 313 2026 Barbari
334 1967 517 2041 conveniunt,
542 1973 572 2024 et
594 1966 726 2044 pristinae
748 1967 895 2026 veneratio
918 1967 1042 2026 fortunae
1068 1973 1201 2050 sequitur

188 2065 346 2124 adversam.
391 2063 515 2124 Inflabat
533 2063 637 2140 impios
660 2063 772 2122 animoa
785 2063 863 2142 regio
874 2063 921 2122 oui
941 2071 1098 2140 praeerant,
1115 2068 1203 2125 armis

187 2162 314 2241 virisque
342 2169 371 2220 et
400 2160 492 2240 spatio
520 2159 648 2218 locorum
674 2158 749 2216 nulli
777 2179 876 2216 earum
902 2159 1033 2236 gentium
1062 2163 1200 2221 secunda

189 2258 319 2317 Tertiam
340 2265 453 2336 partem
469 2256 551 2316 Asiae
565 2262 653 2313 tenet
697 2253 859 2313 Multitudo
878 2254 1026 2332 juniorum
1040 2257 1201 2331 exercitus,

187 2373 259 2432 quos
273 2351 539 2426 amiserat-Darius,
554 2351 694 2428 aequabat.
738 2349 843 2427 Itaque
856 2369 914 2407 non
934 2349 1016 2406 illum
1036 2351 1138 2428 modd,
1153 2353 1201 2411 sed

188 2448 275 2505 etiam
290 2446 492 2503 Alexandrum
516 2445 706 2521 spernebant;
730 2444 800 2502 inde
814 2445 891 2504 vires
905 2443 1019 2520 imperii
1031 2447 1199 2522 repetituri,

187 2543 213 2601 si
227 2543 237 2570 ²
249 2540 375 2618 regionis
388 2539 476 2615 potiri
490 2539 667 2616 contigisset.
704 2539 765 2597 Did
780 2539 911 2600 omnibus
925 2541 1070 2617 cogitatis,
1086 2541 1199 2618 placuit

186 2657 239 2716 per
252 2635 360 2693 milites
374 2633 547 2691 Bactrianos
562 2634 599 2690 ad
614 2653 697 2691 omna
718 2635 887 2712 obsequium
908 2634 1069 2694 destinatos
1084 2636 1197 2716 Regem

187 2730 433 2811 comprehendere,
456 2729 590 2808 mittique
607 2729 746 2788 nuncium
769 2731 807 2788 ad
821 2731 1030 2804 Alexandrum,
1051 2732 1103 2810 qui
1126 2733 1198 2792 indi·

187 2838 266 2890 caret
276 2829 375 2888 vivum
390 2825 532 2886 asservari
547 2845 631 2902 eum3
653 2825 687 2900 si,
703 2825 734 2883 id
745 2825 822 2904 quod
836 2825 986 2900 timebant,
1000 2827 1196 2904 proditionem

187 2931 355 3001 aspernatus
378 2929 461 3000 esset,
483 2921 626 2980 'occisuri
650 2919 779 2994 Darium,
802 2927 832 2977 et
854 2919 963 2978 Bactra
983 2939 1049 2979 cum
1078 2941 1195 2981 suarum

188 3019 316 3096 gentium
340 3037 426 3076 manu
454 3017 583 3094 petituri.
640 3013 787 3074 (laeterdm
814 3015 966 3092 propalam
994 3017 1195 3094 comprehendi

189 3112 295 3170 Darius
321 3131 379 3169 non
405 3118 533 3188 poterat,
562 3115 607 3168 tot
635 3109 793 3167 Persarum
818 3107 948 3168 millibus
975 3109 1079 3168 laturis
1113 3131 1195 3190 opem

188 3206 271 3284 Regi.
328 3205 495 3265 Graecorum
522 3224 636 3284 quoque
660 3202 732 3262 fides
760 3203 926 3262 timebatur.
988 3205 1102 3284 Itaque,
1118 3207 1195 3284 quod

187 3321 244 3359 non
258 3307 393 3378 poterant
406 3300 446 3373 vi,
460 3300 563 3358 fraude
577 3297 692 3377 assequi
712 3305 835 3356 tentant.
879 3298 1085 3358 Paenitentiam
1106 3319 1193 3360 seces·

188 3397 276 3454 sionis
299 3393 434 3453 simulare
457 3394 651 3467 decreverant,
676 3399 706 3452 et
728 3412 866 3452 excusare
886 3393 963 3472 apud
988 3395 1192 3472 Regem⁴eon

187 3490 391 3552 sternationem
405 3483 507 3547 suam'

246 3591 284 3646 28
299 3585 426 3645 Interlm
439 3582 489 3661 qui
503 3581 609 3641 Persas
623 3579 840 3658 'sollicitarent
851 3583 1015 3642 mittuntur.
1045 3583 1123 3644 Hinc
1136 3605 1191 3662 spe,

186 3677 254 3740 binc
266 3688 346 3740 metu
357 3677 498 3739 militares
519 3676 628 3736 animos
641 3684 775 3737 versant:
797 3678 913 3737 “ruina
932 3697 1027 3737 rerum
1048 3678 1114 3738 illos
1131 3679 1192 3740 snb·

188 3773 254 3833 dere
267 3776 377 3853 capita;
412 3775 444 3832 in
464 3771 619 3852 perniciem
632 3771 726 3832 trahi:
746 3775 810 3830 curn
830 3771 938 3831 Bactra
958 3779 1084 3850 pateant,
1099 3791 1192 3852 excep

188 3873 254 3928 tura
275 3887 325 3928 eos
347 3869 431 3930 bonis
452 3877 484 3928 et
504 3867 662 3948 opulentia,
676 3886 761 3946 quam
779 3867 883 3926 animis
896 3867 1045 3945 concipere
1065 3885 1192 3946 nonpos-
