2600 4394
427 317 551 360 masa
572 317 632 358 111.
662 319 746 360 oar.
777 319 839 359 rrr.
1102 303 1134 364 ΙΙ

130 457 228 520 babitu
241 456 415 536 perduotnm
435 475 500 518 esse
513 457 662 518 vidisset’'
706 455 832 528 Quidam
845 464 947 518 eontra
960 457 1137 536 auguraban-

129 562 188 612 tur:
218 553 374 632 '“quippe
402 552 532 612 illustria
560 552 753 612 Macedonum
781 560 877 612 eastra
900 554 973 627 visa,
994 553 1137 632 fulgorem

100 656 102 659 ’
129 648 294 708 Alexandro
307 646 490 725 portendere,
506 667 592 725 quem
605 667 727 725 regnum
743 647 826 708 Asiae
841 655 1049 726 oeoupaturum
1064 667 1137 723 esse,

128 742 200 802 baud
213 742 366 822 ambigere,
380 743 518 820 quoniam
532 742 563 800 in
576 742 678 802 eodem
698 741 801 800 babitu
816 741 924 802 Darius
937 742 1052 818 fuisset,
1067 745 1137 803 adm

128 837 285 914 appellatus
300 843 345 896 est
358 837 434 896 Rex.
477 836 590 896 Vetera
603 855 718 915 quoque
732 837 838 911 omina,
854 836 903 896 'ut
916 837 959 910 fit,
970 837 1137 898 sollieitudo

127 939 321 1008 rerooaverat3
345 931 493 990 “Darium
508 932 584 990 enim
600 931 631 990 in
650 931 792 1008 prinoipio
806 931 921 1009 imperii
935 932 1068 1010 vaginam
1083 933 1136 992 aoi-

23 1072 28 1083 .
64 1087 68 1096 ,
127 1028 202 1112 naois
228 1027 377 1086 Persicam
398 1027 521 1102 jussisse
541 1025 649 1086 mutari
669 1027 700 1084 in
721 1046 784 1086 eam
809 1027 942 1101 formam,
955 1029 1014 1106 qud
1038 1026 1135 1088 Greci

127 1129 292 1197 uterentur3
324 1121 513 1200 protinusque
545 1119 700 1181 Chaldaeos
733 1119 950 1199 interpretatos,
982 1122 1136 1200 imperium

126 1215 278 1275 Persarum
299 1217 336 1276 ad
351 1235 400 1276 eos
420 1216 621 1290 transiturum,
636 1235 759 1294 quorum
779 1235 858 1274 arma
878 1223 956 1276 esset
975 1216 1135 1276 imatus.”

127 1311 271 1370 (laetarum
291 1312 354 1390 ipse
368 1318 398 1369 et
418 1313 537 1370 'vatum
557 1329 704 1386 responso,
719 1310 798 1388 quod
820 1311 960 1372 edebatur
973 1311 1006 1372 in
1019 1311 1134 1392 vulgus,

124 1414 152 1465 et
165 1407 269 1484 speeie,
284 1411 350 1483 q'uee
362 1425 414 1482 per
428 1405 572 1463 somnium
586 1404 685 1464 oblata
704 1412 776 1479 erat,
791 1405 945 1464 admodum
965 1407 1062 1482 leatus,
1076 1425 1136 1467 oas-

123 1508 169 1558 tra
183 1500 219 1558 ad
236 1500 416 1577 Euphratem
431 1497 540 1557 moveri
551 1498 645 1576 jubet.

182 1599 207 1654 7.
230 1594 333 1654 Patrio
346 1613 425 1652 more
447 1593 605 1652 Persarum
627 1593 767 1654 traditum
782 1600 836 1669 est,
850 1601 914 1654 orto
934 1595 1004 1671 sole,
1019 1594 1135 1656 demum

122 1689 283 1766 procedere.
306 1691 348 1740 ·¹⁰
358 1689 414 1747 Die
435 1690 496 1765 jam
521 1687 629 1746 illustri
653 1688 768 1766 signum
793 1709 808 1748 e
830 1689 1016 1750 tabernaculo
1041 1691 1135 1771 Regis

121 1784 240 1844 bueoinb
261 1784 386 1846 dabatur
396 1805 405 1860 ;¹
425 1803 512 1861 super
532 1783 759 1858 tabernaculum,
773 1784 850 1844 unde
864 1785 901 1844 ab
915 1787 1049 1846 omuibus
1069 1807 1134 1846 oon·

121 1879 191 1956 spioi
211 1887 318 1958 posset,
334 1879 458 1957 11imago
480 1877 557 1938 Solis
578 1878 715 1955 orystallo
736 1877 849 1937 inolusa
868 1880 1006 1958 fulgebat.
1051 1881 1134 1943 Ordo

120 1982 218 2033 autem
231 1975 353 2054 agminis
368 1982 431 2032 erat
445 1973 530 2032 talis:
552 1969 644 2050 Ignis,
655 1993 741 2052 quem
755 1974 811 2051 ipsi
825 1993 938 2036 saeuum
949 1984 979 2034 et
992 1984 1134 2036 aeternum

48 2061 53 2068 ¹
118 2069 268 2144 vorabant,
283 2069 430 2149 argeptais
451 2069 592 2128 altaribus
613 2069 831 2146 praeferebatur.
874 2070 988 2152 ”Magi
1007 2071 1134 2150 proximi

118 2165 249 2242 patrium
263 2183 378 2223 oarmeu
392 2163 541 2223 cauebant.
584 2163 688 2240 Magos
709 2166 832 2222 treoenti
845 2172 875 2224 et
889 2167 1039 2244 sexaginta
1052 2166 1132 2246 quin·

117 2279 176 2337 que
187 2261 310 2335 juvenes
325 2258 526 2336 sequebantur,
540 2257 671 2334 puniceis
685 2257 818 2316 amieulis
831 2258 932 2336 relati,
945 2260 966 2288 ¹¹
976 2259 1079 2318 diebus
1092 2267 1133 2318 to·

10 2378 13 2383 ·
117 2355 180 2412 tius
194 2353 263 2412 anni
276 2372 359 2430 pares
372 2371 508 2428 numero;
531 2352 637 2430 quippe
652 2351 753 2414 Persis
767 2371 882 2432 quoque
892 2353 923 2412 iu
934 2353 1057 2412 totidem
1071 2353 1134 2414 dies

117 2448 283 2526 descriptus
297 2454 343 2507 est
356 2465 456 2506 annus.
501 2445 625 2507 currum
640 2447 746 2506 deinde
761 2447 785 2508 J
785 2447 833 2507 ovi
846 2456 991 2508 sacratum
1004 2449 1134 2510 albentes

115 2543 260 2604 vehebant
280 2543 363 2622 equi5
385 2542 438 2602 hos
459 2543 575 2602 eximiae
595 2541 805 2621 magnitudinis
825 2563 926 2622 equus,
947 2563 1032 2623 quem
1054 2544 1133 2604 Solis

109 2639 314 2717 appellabant,
329 2638 513 2717 sequebatur.
556 2639 666 2698 Aureae
685 2641 776 2716 virgea
797 2647 828 2698 at
847 2639 922 2701 albae
937 2647 1042 2715 vestes,
1058 2642 1133 2700 “re-

114 2741 218 2811 gentes
232 2753 321 2813 equos
335 2734 522 2793 adornabant.
567 2733 657 2792 Haud
671 2735 771 2811 prooul
785 2741 868 2794 eruut
877 2735 1011 2794 rebioula
1024 2735 1132 2810 decem,

114 2830 210 2888 multo
235 2849 305 2888 auro
329 2837 506 2907 argentoque
532 2829 642 2888 caelata.
692 2827 874 2907 Sequebatur
898 2829 960 2889 baeo
985 2830 1133 2908 equitatus

114 2923 270 2982 duodeoim
290 2923 534 3001 gentium,'rariis
555 2923 643 2980 armis
658 2929 688 2980 et
708 2922 844 2982 moribus.
888 2922 1022 2984 Proximi
1042 2925 1133 3002 ibant,

113 3037 190 3096 quos
214 3018 316 3076 Persae
338 3017 553 3076 ”immortales
575 3023 691 3091 vooeut,
713 3016 752 3074 ad
776 3017 876 3078 deoem
898 3019 1006 3096 millia;
1036 3021 1132 3080 oultus

113 3113 276 3190 opulentiae'
295 3111 428 3172 barbarae
447 3131 505 3171 nou
525 3111 599 3171 alios
622 3112 715 3190 magis
735 3111 913 3174 honestabat.
956 3113 1008 3174 Illi
1029 3134 1132 3175 aureos

113 3216 252 3287 torques,
261 3207 308 3266 illi
321 3214 433 3267 vestem
448 3226 518 3266 auro
533 3206 698 3266 distinotam
720 3207 873 3283 habebant,
889 3210 909 3237 ¹⁸
918 3210 1132 3290 manicatasque

112 3303 240 3377 tunioas,
265 3303 387 3380 gemmis
411 3287 498 3361 etiam
522 3301 685 3360 adornatas.
728 3301 846 3381 Exiguo
872 3303 1035 3378 intervallo,
1060 3321 1133 3381 quos

113 3403 258 3475 cognatos
272 3397 365 3474 Regis
386 3396 543 3474 appellant,
558 3395 657 3456 deoem
670 3403 699 3456 et
712 3396 841 3476 quinque
860 3397 956 3458 millia
975 3397 1131 3456 bominum.

112 3491 194 3552 Haeo
208 3493 277 3552 verb
297 3492 384 3553 turba
402 3492 586 3551 muliebriter
604 3492 814 3570 propemodum
833 3491 923 3568 oulta,
939 3493 1012 3550 luxu
1031 3489 1133 3569 magis,

109 3587 206 3665 quiam
220 3587 332 3646 deooris
346 3587 436 3646 armis
451 3587 609 3666 oonspioua
621 3595 697 3647 erat„
738 3589 758 3617 ¹¹
768 3586 944 3665 Doryphora'
956 3585 1134 3645 vorabantur

109 3683 282 3760 proximum
306 3683 354 3742 bis
378 3702 489 3760 agmen,
516 3683 596 3744 soliti
619 3691 731 3744 vestem
755 3683 889 3758 exeipere
914 3679 1046 3756 regalem.
1090 3682 1133 3740 Hi

109 3797 234 3836 currum
248 3769 341 3856 Regis
353 3779 512 3852 anteibant,
525 3797 582 3858 quo
592 3779 654 3855 ipse
669 3777 797 3837 eminens
807 3773 972 3834 vehebatur.
1016 3776 1132 3838 Utrum·
