2600 4394
407 379 531 420 sanna
556 379 605 418 ιν.
635 379 722 422 car.
754 379 778 420 r.
1060 361 1101 421 ³8

107 516 252 590 contendit,
276 515 308 574 id
334 515 449 576 demum
475 515 595 576 credens
620 515 700 576 'fore
724 515 824 594 ipsius,
847 514 925 596 quod
952 513 1100 576 celerinae

105 612 248 689 preripere
261 611 410 688 potuisset
453 611 498 670 At
512 609 681 670 Alexander
695 610 924 684 Parmenionem,
934 609 1099 688 ‘perquem

106 706 174 782 apud
194 705 364 766 Damascum
385 712 502 782 recepta
523 713 585 764 erat
607 705 714 784 praeda,
733 707 847 782 jussum
869 724 931 762 eam
953 703 1053 780 ipsam,
1068 709 1099 762 et

105 800 223 877 captivos
237 800 370 878 diligenti
392 819 538 859 asservare
557 800 700 876 custodit,
714 798 816 878 Syriae,
830 817 917 877 quam
939 796 1039 858 Coelen
1052 815 1098 856 vo·

104 901 170 971 cant,
180 896 315 974 praefecit
359 894 476 955 Novum
489 896 641 973 imperium
656 895 732 972 Syri,
743 894 870 954 nondum
883 892 954 954 belli
967 893 1098 952 cladibus

102 989 166 1048 satis
179 989 288 1062 domiti,
302 990 547 1067 aspernabantur:
570 989 621 1048 aed
641 989 776 1048 celeriter
796 987 916 1063 subacti,
931 987 1099 1048 obedienter

101 1083 251 1160 ‘imperata
276 1084 416 1142 fecerunt.
458 1084 577 1142 Aradus
604 1102 718 1162 qnoque
745 1082 840 1140 insula
867 1081 984 1140 deditur
1011 1081 1096 1158 Regi.

101 1176 271 1236 Maritimam
285 1185 381 1236 temen
395 1197 484 1252 oram,
499 1186 529 1238 et
542 1178 678 1256 pleraque
698 1177 816 1256 longids
837 1177 926 1236 etiam
938 1196 956 1236 a
969 1176 1043 1234 mari
1056 1195 1098 1234 re-

99 1271 231 1345 cedentia,
253 1272 321 1330 Rex
344 1275 407 1348 ejus
431 1272 535 1331 insulae
560 1273 657 1332 Strato
678 1271 861 1348 possidebat:
882 1291 940 1350 quo
961 1270 991 1328 in
1013 1269 1098 1330 fidem

98 1371 218 1441 accepto,
232 1373 328 1423 castra
349 1366 440 1424 movit
454 1365 492 1422 ad
505 1366 606 1424 urbem
631 1365 794 1424 Marathon.
836 1364 885 1424 Ibi
899 1364 944 1422 illi
961 1363 1100 1422 litteraea

99 1459 185 1518 Dario
212 1459 391 1517 redduntur:
419 1459 534 1538 quibus,
562 1467 596 1517 nt
622 1459 743 1536 superbis
772 1453 897 1536 scriptis,
917 1457 1100 1517 vehementer

99 1552 221 1611 offensus
234 1560 288 1611 est.
331 1553 502 1631 ‘Praecipud
517 1573 581 1612 eum
602 1553 703 1628 movit,
717 1553 795 1634 qndd
809 1553 917 1612 Darius
937 1551 994 1612 sibi
1008 1551 1099 1628 Regis

96 1647 220 1722 titulum,
234 1667 287 1705 neo
307 1648 439 1706 eumdem
453 1649 616 1707 Alexandri
637 1649 747 1708 nomini
769 1647 970 1725 adscripscrat.
1012 1646 1098 1704 'Pos-

97 1741 208 1802 tulabat
222 1749 320 1800 autem
328 1742 427 1819 magis,
437 1744 524 1820 qudm
532 1743 659 1820 petebat,
675 1750 708 1802 ut
722 1746 839 1820 accepta
847 1741 979 1820 pecunie,
994 1741 1098 1826 'quan-

95 1843 273 1916 tamcumque
298 1843 360 1895 tota
381 1837 550 1896 Macedonia
570 1846 695 1916 caperet,
717 1845 837 1898 matrem
865 1837 930 1912 sibi,
945 1855 978 1896 ao
1001 1837 1097 1911 conju·

91 1949 162 2006 gem,
173 1927 333 2009 liberosque
346 1932 523 1992 restitueret.
567 1932 611 1990 De
622 1952 720 2010 regno,
733 1933 844 2010 ⁸aequo,
855 1929 880 1992 si
890 1929 988 2004 vellet,
1001 1929 1098 1987 Marta

91 2023 282 2083 contenderet.
326 2025 359 2084 sn
374 2026 486 2086 saniora
499 2026 619 2084 consilia
633 2026 750 2084 tandem
763 2026 825 2104 pati
839 2025 991 2102 potuisset,
1007 2025 1097 2082 ¹⁰con·

90 2125 188 2176 tentus
202 2119 306 2196 patrio,
321 2119 437 2178 cederet
451 2119 537 2178 alieni
550 2120 665 2196 imperii
678 2121 800 2194 finibns;
823 2119 917 2178 socius
932 2118 1097 2194 amicusque

90 2219 187 2270 esset:
208 2212 240 2270 in
252 2231 287 2268 ea
300 2231 330 2270 se
343 2211 430 2270 fidem
443 2220 473 2270 et
487 2213 556 2270 dare
569 2220 712 2290 paratum,
728 2219 757 2270 et
771 2213 908 2288 accipere.

151 2309 178 2362 2.
201 2305 310 2362 Contra
320 2305 490 2364 Alexander
503 2306 533 2364 in
547 2306 622 2364 bunc
638 2305 793 2362 ¹1maxime
804 2305 921 2363 modum
934 2303 1096 2379 rescripsit:

88 2403 106 2432 ‘³
114 2400 184 2458 Rex
193 2399 384 2458 nemmem
394 2400 501 2458 Danro.
534 2399 600 2474 Ille,
611 2402 693 2476 cnjus
702 2419 804 2458 nomen
814 2399 971 2477 sumpsisti,
982 2398 1097 2474 Darius,

88 2493 218 2568 Graecos,
233 2494 284 2572 qui
299 2514 377 2554 oram
401 2494 588 2572 Hellesponti
610 2502 718 2569 tenent,
733 2494 916 2574 coloniasque
931 2492 1096 2554 (lraecorum

87 2589 192 2648 Ionias
204 2589 283 2648 omni
297 2589 378 2648 clade
392 2589 535 2650 vastavit:
557 2609 621 2648 cum
636 2609 739 2668 magno
754 2590 858 2648 deinde
872 2590 1002 2648 exercitu
1018 2609 1096 2648 mare

85 2685 213 2759 trajecit,
227 2684 310 2742 illato
337 2684 516 2744 Macedoniae
532 2693 562 2744 et
586 2684 709 2744 Graeciae
725 2684 809 2744 bello.
851 2684 967 2744 Rursus
981 2682 1096 2740 Xerxes

82 2778 183 2853 gentis
204 2777 332 2854 ejusdem
348 2779 385 2836 ad
400 2779 606 2856 oppugnandos
620 2798 674 2838 nos
688 2797 753 2836 cnm
775 2777 942 2836 immanium
964 2776 1095 2836 barbaro·

83 2891 152 2929 rum
166 2873 257 2948 copiis
271 2873 368 2932 venit:
389 2874 448 2951 qui,
459 2873 556 2934 navali
569 2873 671 2951 praelio
686 2873 791 2946 victus,
803 2871 987 2930 Mardonium
1000 2877 1095 2928 tamen

82 2965 208 3043 reliquit
221 2965 252 3022 in
267 2965 390 3040 Graecia,
404 2979 438 3026 ut
450 2967 552 3026 absens
566 2986 681 3048 quoque
702 2965 888 3043 popularetur
901 2964 997 3040 nrbes,
1012 2983 1095 3044 agros

81 3068 193 3118 ureret.
237 3059 257 3089 ¹²
266 3060 436 3138 Philippum
446 3061 514 3121 verb
528 3069 677 3138 parentem
691 3079 787 3118 meum
800 3059 865 3138 quis
879 3060 992 3138 ignorat
1002 3059 1038 3118 ab
1049 3059 1095 3116 his
1117 3059 1120 3064 '

79 3155 275 3212 interfectum
296 3174 367 3231 esse,
390 3173 463 3233 quos
486 3155 611 3232 ingentis
638 3154 769 3232 pecuniae
792 3173 843 3232 spe
867 3154 1095 3214 sollicitaverant

79 3248 202 3306 vestri?
242 3249 338 3326 Impia
359 3249 436 3308 enim
450 3248 527 3310 bella
547 3245 706 3327 suscipitis,
721 3256 751 3307 ct
764 3250 832 3308 crim
854 3247 984 3310 habeatis
1006 3267 1093 3318 arma,

79 3343 103 3371 ¹⁸
113 3342 272 3402 licitamini
285 3344 412 3402 bostium
432 3343 536 3422 capita,
551 3342 629 3402 sient
641 3349 676 3404 tu
692 3344 711 3372 ¹⁴
719 3343 849 3422 proxime
864 3344 982 3402 talentis
1004 3341 1092 3413 mille,

76 3437 161 3494 tanti
188 3439 337 3496 exercitos
359 3438 434 3513 Rex,
448 3457 645 3516 percussorem
658 3441 691 3498 in
705 3459 751 3496 me
765 3458 858 3496 emere
871 3438 998 3498 voluisti
1039 3434 1092 3492 Re·

73 3531 161 3608 pello
177 3532 269 3610 igitur
281 3533 397 3608 bellum,
411 3553 468 3594 non
482 3534 583 3594 infero.
626 3533 668 3594 lit
681 3533 749 3594 Diis
768 3552 882 3612 quoqne
902 3549 954 3609 pro
974 3527 1094 3586 meliore

73 3627 236 3686 stantibus
263 3630 358 3701 eausa,
379 3648 510 3707 magnam
537 3637 650 3707 partem
676 3627 759 3688 Asiae
781 3628 812 3686 in
836 3625 975 3683 ditionem
994 3621 1094 3702 redegi

72 3739 198 3778 meam:
219 3722 358 3798 teipsum
382 3724 442 3782 acie
456 3725 529 3783 vici:
551 3743 638 3804 quem
662 3723 718 3780 etsi
739 3720 813 3778 nihil
834 3739 852 3775 a
872 3737 918 3776 me
940 3717 1094 3795 impetrare

72 3815 250 3892 oportebat,
264 3818 342 3894 quod
361 3819 495 3895 petieras,
510 3821 642 3895 ¹'utpote
663 3816 712 3892 qui
732 3834 768 3872 ne
783 3812 852 3872 belli
872 3811 990 3890 quidem
1003 3814 1034 3872 in
1049 3835 1094 3872 me

243 3912 278 3968 2*
