2520 4390
344 335 467 376 nisan
493 335 545 376 ιν.
574 333 659 374 oss.
686 333 768 376 xrv.
1023 321 1059 380 ⁷1

60 473 175 550 objectis,
188 473 247 534 iter
259 473 290 532 in
302 472 426 551 patriam
438 477 469 532 et
480 477 601 551 penates
613 489 700 537 manu
713 491 776 536 esec
785 471 983 541 ischndum'l
1011 473 1063 539 fito

58 567 145 642 duces,
158 568 198 626 sio
212 565 336 644 proximi
348 568 477 630 militum
490 567 624 626 instincti
636 574 714 630 sunt.

112 667 154 722 55.
174 662 283 747 Darius
304 663 433 725 in'lsovo
454 682 544 722 cornu
562 669 636 737 erat,
661 681 765 742 magno
792 681 911 724 suornm
936 663 1059 743 agmine,

57 755 165 816 delectis
184 757 312 835 equitum
333 758 519 836 peditumque
539 756 686 834 stipatus:
707 764 972 838 contempseratque
990 779 1058 836 pau·

55 850 162 909 citatem
183 851 292 928 hostis3
314 853 438 912 'seuam
460 851 553 912 eciem
577 869 640 912 esse
661 851 790 912 extensis
813 852 949 914 cornibus
968 860 1056 914 ratus

56 944 199 1022 ceterum,
219 946 297 1006 siout
318 966 406 1006 eumn
429 947 581 1022 eminebat,
602 945 707 1006 dextre
730 945 863 1026 laevtque
883 947 921 1008 ad
940 947 1057 1006 circum·

50 1040 180 1099 stentimn
211 1041 326 1120 agmina
357 1041 457 1100 oculos
488 1053 647 1120 snmus
680 1041 900 1102 circumferens:
935 1042 975 1078 '“
988 1042 1057 1104 Ter·

48 1137 165 1210 remm,”
190 1135 296 1214 inquit,
323 1139 421 1214 “ques
443 1135 599 1198 'Oceanus
623 1135 691 1196 hinc
717 1135 812 1211 alluit,
839 1137 922 1198 illino
948 1135 1056 1198 claudit

47 1228 258 1307 Hellespontus,
280 1230 368 1307 panib
392 1230 459 1288 aute
483 1221 603 1304 domini,
620 1232 682 1308 jam
699 1249 756 1290 nou
775 1231 811 1292 de
824 1231 927 1310 glorit,
947 1233 998 1292 κά
1020 1231 1056 1292 de

45 1323 143 1398 salute,
156 1330 185 1382 et
198 1325 276 1402 quod
297 1324 388 1383 saluti
408 1323 585 1401 praeponitis,
600 1324 639 1382 de
649 1323 784 1384 libertate
803 1325 989 1404 pugnandum
1002 1333 1056 1388 est.

45 1417 104 1474 Hic
117 1418 178 1476 dies
198 1417 360 1494 imperium,
372 1437 429 1496 quo
450 1416 565 1478 nullum
586 1417 713 1495 emplius
731 1419 807 1478 vidit
827 1426 907 1494 aetas,
921 1426 973 1480 aut
992 1439 1056 1478 oon·

45 1510 156 1586 stituet,
182 1518 232 1570 aut
257 1512 345 1572 finiet.
399 1511 489 1590 Apud
517 1509 672 1572 Granicum
698 1513 818 1572 minime
845 1514 952 1574 virium
973 1521 1057 1592 parte

45 1623 107 1663 oum
132 1607 215 1666 hoste
240 1607 420 1667 certavimus
461 1607 501 1666 In
515 1607 617 1668 (tilloit
639 1608 732 1668 victos
760 1609 847 1687 Syria
873 1616 987 1686 poterat
1007 1628 1054 1668 ex·

45 1700 141 1777 ripere
166 1701 274 1780 Magna
284 1701 462 1762 munimenta
473 1703 557 1782 regni
572 1701 669 1782 Tigris
682 1711 770 1782 atque
784 1703 949 1782 Euphrates
961 1711 1052 1766 erant

45 1795 167 1854 Ventum
190 1804 236 1856 est
249 1798 292 1872 ed,
306 1796 382 1856 unde
395 1797 488 1876 pulsis
500 1817 538 1858 ne
560 1797 639 1878 ingre
650 1798 767 1877 quidem
790 1799 871 1858 locus
891 1805 944 1874 est,
959 1800 1054 1862 omnia

45 1909 99 1948 zam
119 1891 231 1951 diutino
254 1891 330 1952 bello
351 1892 493 1952 exlususta
512 1901 580 1971 post
600 1901 715 1974 tergum
737 1901 815 1956 snut
857 1893 926 1954 Non
945 1894 1053 1956 insoles

45 2003 104 2044 suos
127 1987 223 2060 urbes,
236 2005 295 2046 uon
316 1986 444 2048 cultores
466 1987 573 2048 hubent
596 1994 690 2048 terreo.
732 1987 1002 2068 Gonjugesquoque
1021 1997 1052 2050 et

45 2079 123 2140 iberi
136 2088 297 2159 sequuntur
319 2081 394 2140 hunc
413 2082 519 2142 aciem:
541 2089 644 2159 parata
656 2082 790 2144 hostibus
802 2083 980 2160 praedamini
999 2103 1052 2160 pro

45 2173 194 2233 :arissimis
221 2175 391 2255 pigneribus
414 2195 534 2253 corpora
555 2177 731 2253 opponimus.
784 2179 803 2206 ¹⁰
813 2176 900 2246 Quod
924 2196 1052 2236 mearum

45 2268 95 2326 nit
117 2269 254 2345 partium,
277 2270 443 2344 eicerem,
466 2288 552 2347 quem
574 2272 647 2346 pene
674 2269 815 2330 immense
840 2270 976 2348 planities
1002 2271 1052 2332 vix

45 2369 159 2439 speret,
185 2362 354 2440 comparavi
396 2362 507 2441 Equos,
531 2381 611 2423 armo
631 2362 786 2440 distribni;
808 2370 992 2440 commeatus,
1014 2384 1052 2428 ne

45 2464 125 2516 ontae
137 2457 321 2516 multitudini
344 2457 487 2534 deessent,
499 2457 633 2536 providi:
654 2458 758 2534 locum,
772 2459 804 2518 iu
827 2479 885 2538 quo
907 2459 983 2519 aoies
1002 2480 1050 2520 ex·

45 2552 135 2611 liceri
148 2559 256 2630 posset,
270 2553 352 2632 elegi.
395 2551 509 2614 Oestera
520 2553 553 2612 in
565 2556 663 2614 vestrt
681 2560 827 2631 potestate
839 2561 926 2616 suut:
946 2555 1050 2618 audete

45 2647 120 2707 rodo
152 2647 287 2708 vincere:
318 2647 518 2726 ”famemque
542 2647 766 2710 intirm'msimum
792 2649 931 2710 adversus
958 2651 1049 2710 fortes

45 2744 110 2800 iros
137 2743 238 2818 telum,
264 2743 443 2802 contemnite
498 2742 662 2804 Temeritas
688 2750 741 2818 est,
767 2763 854 2822 quam
877 2742 971 2800 adhue
996 2763 1049 2820 pro

45 2839 144 2896 irtute
167 2837 326 2898 timuistis:
354 2857 421 2918 qum
443 2837 495 2901 ubi
519 2837 645 2915 primum
670 2837 809 2914 impetum
834 2837 945 2912 effudit,
969 2838 1049 2898 velut

45 2932 166 2990 uaedam
180 2933 324 3014 animalis,
339 2933 471 2992 ”emisso
484 2931 593 3006 aculeo,
607 2938 712 3008 torpet.
754 2931 798 2991 Hi
811 2934 879 2992 vead
893 2933 986 3012 campi
1000 2934 1047 2994 de-

45 3025 213 3086 rehendtre
233 3027 418 3104 paucitatem,
444 3046 531 3105 quam
554 3024 667 3087 cilicie
692 3033 805 3086 montes
831 3026 1046 3090 absconderant.

45 3121 151 3179 'idetis
163 3121 282 3182 ordines
295 3139 386 3196 rsros,
397 3141 505 3182 cornua
524 3127 650 3195 suisne,
663 3120 786 3182 mediam
798 3121 890 3182 aciem
901 3142 1003 3184 usnam
1015 3130 1047 3184 et

45 3216 213 3275 rhaustsm.
265 3215 344 3274 Nam
366 3215 472 3290 ultimi,
495 3233 567 3294 queo
589 3214 695 3276 locsvit
717 3214 859 3292 adversos,
886 3223 968 3296 terge
984 3219 1046 3294 jem

45 3309 181 3369 raebent:
203 3309 296 3370 obteri
316 3309 479 3370 meterent
493 3327 630 3388 equorum
652 3310 769 3390 nugulis
790 3318 919 3389 possunt,
932 3311 1045 3370 etiamsi

45 3404 66 3462 1
81 3411 195 3481 prester
216 3405 337 3466 feloatos
361 3423 464 3465 currus
477 3403 615 3464 emisero:
635 3411 666 3466 ct
678 3405 757 3468 bello
769 3406 931 3479 vicerimus,
945 3405 971 3464 si
984 3403 1045 3462 vin·

45 3519 118 3560 mus
146 3500 267 3576 praelio:
300 3519 368 3558 nem
395 3519 432 3560 ne
458 3500 519 3559 illis
543 3500 661 3578 quidem
687 3500 726 3562 ad
751 3502 850 3580 fugam
876 3499 957 3558 locus
991 3504 1043 3558 est.

47 3594 142 3653 Hine
167 3595 344 3672 Euphrates,
367 3595 449 3654 illino
471 3595 567 3675 Tigris
590 3595 725 3674 prohibet
750 3595 894 3654 inclusos:
924 3599 955 3650 et
980 3611 1045 3670 quae

45 3691 112 3748 rtet
126 3707 185 3766 pro
197 3689 258 3752 illis
281 3696 372 3765 mant,
386 3690 418 3750 iu
438 3692 615 3752 contrarium
627 3707 765 3750 conversa
785 3692 862 3746 sumt
905 3684 1045 3748 Nostrum

45 3783 133 3844 obile
156 3791 190 3843 et
208 3783 377 3863 expeditum
397 3785 581 3866 epicureum
603 3784 677 3846 illud
690 3781 790 3860 preto
809 3799 904 3860 grave.
945 3781 1044 3862 Inplt
