2520 4390
197 405 253 464 lss
542 419 682 470 ournrr
707 417 848 460 conrii

193 557 362 618 custodibus
389 557 506 618 initium
532 558 650 634 fectum,
673 555 872 632 clamantibus,
897 553 1133 634 discerpendum
1164 573 1227 615 esse

191 652 363 732 parricidam
376 653 508 714 manibus
521 673 627 714 eorum
669 653 707 712 ld
720 651 835 732 quidem
848 651 992 726 Philotas,
1005 651 1059 730 qni
1081 652 1225 731 graviore

193 749 335 827 supplicis
348 755 496 825 metueret,
510 749 587 808 haud
601 748 670 807 sant
684 747 782 827 iniquo
796 747 889 806 animo
909 745 1056 806 audiebat.
1106 746 1183 806 Rex
1196 747 1223 804 in

191 843 354 903 concionem
367 863 509 918 reversus,
523 844 583 903 sive
596 849 630 900 ut
651 843 682 902 in
696 841 828 904 custodit
842 860 953 921 quoque
974 847 1147 919 torqueret,
1163 841 1221 900 sive

190 945 224 997 ut
238 939 407 1018 diligentins
421 945 522 998 ennete
536 945 726 1017 cognosceret,
741 935 894 996 concilium
915 936 946 994 in
965 942 1131 1014 posterum
1144 937 1219 996 diem

191 1033 317 1110 distulit;
334 1039 363 1091 et
371 1051 532 1113 quanquam
543 1031 574 1090 in
583 1051 731 1110 vesperam
741 1031 899 1092 inclinabat
908 1030 981 1106 dies,
991 1037 1100 1088 tamen
1112 1033 1217 1090 amicos

190 1127 339 1186 convocari
350 1127 451 1204 jubet:
472 1134 502 1187 et
515 1127 627 1188 caeteris
640 1127 757 1206 quidem
770 1126 909 1204 placebat,
920 1125 1128 1184 Macedonum
1142 1145 1216 1184 more

191 1220 275 1283 obrui
288 1221 374 1284 saxis.
430 1221 621 1301 Hephaestion
639 1229 781 1280 autemst
802 1219 949 1294 Craterus,
962 1226 992 1278 et
1013 1218 1143 1296 Coenus,
1164 1229 1214 1279 tor·

191 1319 295 1376 mentis
305 1318 458 1378 veritatem
471 1317 687 1396 exprimendam
709 1335 771 1376 esse
794 1315 946 1374 dixerunt:
966 1321 997 1373 et
1018 1313 1069 1374 illi
1092 1334 1212 1396 qnoque,

191 1413 241 1494 qui
261 1413 341 1472 aliud
355 1421 514 1490 suaserant,
528 1414 558 1472 in
574 1413 677 1472 borum
698 1411 869 1471 sententiam
882 1412 892 1440 ⁹
903 1416 1066 1470 transeunt.

251 1513 297 1568 31.
320 1507 449 1569 Concilio
471 1510 540 1587 ergo
564 1507 690 1582 dimisso,
715 1505 907 1583 Hephaestion
928 1523 995 1563 eum
1019 1503 1157 1565 Cratero
1188 1513 1213 1563 et

192 1601 279 1662 Coeno
293 1603 330 1660 ad
343 1603 532 1680 quaestionem
545 1603 581 1661 de
594 1601 715 1662 Philott
728 1600 890 1661 habendam
902 1607 1093 1678 consurgunt.
1141 1602 1211 1674 Rex,

192 1693 313 1755 Orstcro
327 1697 471 1770 accersito,
486 1703 517 1754 et
537 1715 667 1754 sermons
687 1695 796 1770 habito,
810 1695 892 1772 cujus
914 1713 1029 1754 summa
1049 1713 1115 1754 non
1138 1697 1212 1756 edita

191 1795 243 1864 est,
257 1789 288 1846 in
301 1789 434 1847 intimam
449 1789 601 1848 diversorii
620 1796 733 1867 partem
746 1789 871 1864 secessit,
885 1795 916 1848 et
935 1790 1057 1848 remotis
1080 1791 1210 1865 arbitris,

191 1883 222 1942 in
235 1883 357 1942 multem
371 1889 484 1942 noctem
497 1883 665 1962 quaestionis
685 1884 864 1962 exspectavit
883 1889 1026 1944 eventurn.
1071 1885 1209 1946 Tortores

191 1978 221 2036 in
235 1985 416 2056 conspectum
431 1977 558 2038 Philotae
571 1979 669 2038 omnia
689 1977 871 2038 crudelitatis
891 1979 1089 2038 instrumente
1110 2001 1207 2059 propo

190 2080 270 2134 nunt.
314 2074 356 2134 Et
369 2075 419 2134 ille
432 2074 529 2134 ultro:
551 2077 567 2108 “
580 2072 659 2145 Quid
672 2075 822 2150 cessatis,”
844 2073 946 2152 inquit,
969 2073 1095 2154 “Regis
1116 2076 1206 2135 inimi·

190 2189 255 2230 oum
268 2169 489 2245 interfectorem,
504 2170 683 2229 confitentem
696 2168 856 2229 occideret
867 2169 938 2248 quid
956 2170 1121 2248 questione
1142 2191 1206 2250 opus

191 2266 261 2326 est?
302 2265 444 2347 Cogitavi,
459 2266 564 2327 volui.’‘
600 2265 739 2327 Craterus
752 2264 877 2345 exigere,
890 2271 925 2323 ut
937 2282 1001 2342 quse
1014 2267 1204 2340 confiteretur,

191 2361 221 2420 in
234 2362 386 2420 tormentis
399 2380 510 2439 quoque
523 2360 639 2420 diceret
690 2358 770 2418 de
783 2358 945 2437 corripitur,
960 2359 1028 2417 dim
1041 2359 1204 2440 obligantur

191 2455 276 2528 oculi,
291 2455 363 2512 dalm
376 2455 466 2512 vestis
479 2454 604 2527 exuitur,
617 2453 749 2532 gentium
760 2455 835 2530 jura,
857 2453 935 2514 Deos
956 2453 1077 2532 patrios,
1090 2456 1204 2536 nequid·

189 2567 275 2626 quam
289 2547 365 2624 apud
378 2546 479 2605 surdas
493 2567 576 2606 aures
590 2547 748 2608 invocabat.
778 2549 838 2608 Per
850 2549 969 2608 ultimos
979 2548 1086 2608 demde
1101 2553 1202 2612 crucis·

190 2649 246 2718 tus,
261 2645 364 2720 utpote
379 2648 410 2700 et
424 2641 585 2718 damnatus,
599 2649 629 2700 et
642 2639 767 2702 inimicis
780 2643 811 2702 in
831 2643 955 2724 gretiam
968 2645 1059 2724 Regis
1073 2653 1201 2726 torquen-

190 2739 277 2815 tibus,
292 2739 442 2798 lsceratnr.
465 2737 511 2797 Ac
523 2737 616 2816 primo
629 2757 791 2817 quanquam
803 2739 871 2798 hinc
884 2739 968 2818 ignis,
982 2739 1064 2798 illinc
1077 2743 1201 2818 verbera

195 2837 257 2914 jam
271 2838 290 2866 ³⁰
299 2855 356 2896 non
370 2835 407 2895 ad
419 2837 615 2916 qusestionem,
629 2834 681 2894 sed
694 2835 732 2894 ad
751 2855 864 2912 poenam
886 2837 905 2865 ¹¹
913 2835 1128 2916 ingerebantur,
1148 2859 1200 2898 non

190 2951 288 2991 vocem
301 2931 393 3008 modo,
409 2931 461 2992 sed
484 2932 571 2990 etism
591 2930 716 3011 gemitus
737 2929 891 2990 ¹'habebat
910 2931 940 2989 in
953 2937 1105 3009 potestate.
1147 2933 1200 2995 Sed

189 3029 341 3105 postqutm
355 3027 548 3086 intumescens
562 3045 663 3104 corpus
685 3023 829 3085 ulceribus
838 3025 1016 3106 flagellorum
1027 3027 1107 3087 ictus
1119 3030 1198 3088 nudis

191 3121 303 3179 ossibus
317 3121 447 3180 incussos
460 3123 534 3181 ferre
548 3141 605 3181 non
618 3127 740 3198 poterat,
755 3120 781 3178 si
802 3121 954 3180 tormentis
973 3121 1133 3182 adhibituri
1145 3144 1197 3184 mo

192 3212 263 3271 dum
276 3221 381 3288 essent,
395 3213 540 3273 dicturum
555 3233 594 3291 se,
608 3235 674 3294 quae
687 3213 759 3273 scire
773 3221 949 3292 expeterent,
962 3215 1124 3292 pollicetur.
1145 3217 1197 3278 Sed

190 3309 276 3368 finem
289 3307 442 3387 qusestioni
455 3309 524 3384 fore,
535 3312 635 3386 jurare
648 3327 697 3368 eos
706 3327 757 3386 per
766 3308 928 3368 Alexandri
937 3309 1069 3384 salutem,
1079 3311 1195 3387 volebat,

190 3402 386 3482 removerique
400 3407 529 3462 tortores.
583 3403 624 3462 Et
635 3411 757 3483 utroque
776 3403 942 3481 impetrato,
957 3402 1079 3465 Cratero
1091 3406 1194 3486 inquit:

193 3499 275 3560 “Dio
295 3499 366 3580 quid
386 3517 431 3557 me
452 3497 527 3558 velis
548 3497 670 3559 dioere.”
711 3499 769 3559 Illo
782 3499 952 3579 indignante
969 3498 1114 3560 ludificari
1126 3521 1192 3575 enm,

190 3597 348 3674 rursusque
368 3599 517 3654 revocante
538 3599 668 3668 tortores,
684 3599 795 3671 tempus
815 3601 913 3671 petere
934 3593 1029 3670 ooepit,
1043 3594 1114 3654 ddm
1131 3596 1193 3654 reci·

190 3699 272 3768 peret
286 3690 426 3768 spiritum,
440 3695 540 3748 cuncte
553 3708 617 3768 quas
631 3689 725 3764 sciret,
739 3688 925 3748 indicaturus.

252 3803 299 3859 32
319 3800 443 3860 Interim
453 3801 570 3878 equites,
579 3797 776 3859 nobilissimus
787 3797 916 3876 quisque,
927 3804 957 3856 et
970 3798 994 3856 ii
1004 3798 1137 3876 maxims,
1148 3799 1191 3878 qui

192 3893 414 3952 Parmenionem
434 3895 596 3974 propinqus
619 3892 789 3971 cognatione
815 3892 1026 3971 contingebant,
1052 3901 1190 3976 postquem
