2600 4394
422 349 738 390 arscennene.
768 349 821 389 ιν.
1092 335 1124 392 lt

177 487 232 548 1v.
255 492 282 546 9.
306 487 422 547 Interea
436 487 616 562 Alexander,
632 488 822 548 Abistarnene
845 485 1036 565 cappadocia
1055 509 1125 567 prte-

126 584 218 662 posito,
234 583 366 643 Ciliciam
380 591 482 660 petens
497 601 562 641 oum
576 583 708 642 omnibns
729 583 829 660 copiis,
845 582 875 640 in
889 583 1045 659 regionem,
1060 605 1126 664 qum

127 680 244 739 'Castra
264 679 341 756 Cyri
352 678 524 756 appellatur,
536 685 713 756 peruenerat.
764 677 900 738 'Stativa
909 677 971 736 illio
985 677 1126 740 babuerat

129 773 223 852 Cyrus,
237 775 305 832 erim
319 773 460 833 adversus
476 772 608 833 Croesum
621 774 651 831 iu
666 771 791 851 Lydiam
811 773 972 832 exercitum
993 773 1122 834 duceret.

16 890 18 894 ·
124 869 227 928 Aberat
248 887 283 926 ea
304 869 384 947 regio
407 869 619 947 qninquaginta
640 867 736 926 stadia
749 868 785 928 ab
799 869 891 942 aditu,
905 888 963 947 quo
987 867 1121 929 Ciliciam

39 979 41 984 ·
122 963 268 1022 intramus:
283 963 382 1040 Pylos
393 963 494 1022 incolae
505 963 606 1022 dicunt
620 964 797 1022 arctissimas
810 963 917 1037 fauces,
930 964 1125 1050 'munimenta

121 1077 179 1136 quac
198 1077 286 1116 manu
304 1059 447 1135 ponimus,
461 1058 589 1116 naturali
610 1059 671 1116 situ
690 1058 830 1120 imitante.
873 1058 971 1137 Igitur
985 1059 1122 1131 Arsanen,

69 1173 70 1176 ¹
120 1155 165 1230 qni
180 1152 288 1212 Ciliciae
301 1161 433 1230 praeerat,
444 1159 581 1231 reputans
595 1153 666 1232 quid
680 1153 765 1212 initio
779 1153 851 1214 balli
866 1153 1004 1212 Memnon
1018 1154 1121 1212 suasis·

119 1255 167 1322 set,
187 1248 350 1327 ‘qnondam
373 1247 489 1307 salubre
511 1249 664 1306 eonsilium
688 1250 751 1307 serd
774 1249 893 1326 exsequi
915 1249 1034 1307 statuit:
1055 1249 1123 1328 igne

117 1344 244 1421 ferroque
259 1341 392 1402 Ciliciam
405 1349 509 1417 vastat,
520 1350 554 1400 ut
568 1343 646 1401 hosti
661 1343 846 1400 solitudinem
860 1343 964 1402 faciet:
984 1343 1123 1422 quicquid

116 1437 179 1495 usui
200 1457 262 1496 esse
284 1444 390 1514 potest,
413 1437 588 1514 corrumpit:
611 1437 710 1496 sterile
731 1455 764 1494 ao
788 1437 898 1494 nudum
922 1437 1026 1511 solum,
1046 1436 1123 1515 quod

116 1533 189 1590 tueri
208 1533 354 1610 nequibat,
369 1531 533 1590 relicturus.
577 1532 636 1591 Sed
657 1532 743 1610 longe
762 1531 865 1590 utilius
879 1533 955 1590 'fnit
974 1531 1122 1610 angustias

61 1675 64 1680 .
114 1627 214 1700 aditus,
230 1627 281 1704 qui
302 1625 436 1686 Ciliciam
456 1627 557 1705 aperit,
572 1625 671 1687 valido
693 1645 832 1704 occupare
852 1627 996 1704 praesidio,
1008 1631 1121 1705 jugum·

113 1741 175 1800 que,
196 1721 356 1798 opportune
370 1721 469 1780 itineri
488 1721 650 1795 imminens,
665 1722 811 1797 obtinere·;
834 1722 911 1781 unde
926 1723 1038 1782 inultus
1053 1721 1121 1781 sub·

113 1823 222 1875 euntem
236 1817 349 1875 bostem
363 1815 584 1894 autprobibere,
605 1823 656 1874 aut
670 1818 829 1894 opprimere
839 1817 991 1896 potuisset.
1036 1819 1121 1879 Tunc

110 1912 215 1988 paucis,
228 1911 279 1988 qui
293 1912 415 1972 callibus
434 1911 632 1989 praesiderent,
647 1913 767 1986 relictis,
781 1914 860 1971 retrd
874 1913 936 1990 ipse
957 1915 1119 1992 concessit;

48 1999 50 2003 ’
109 2007 260 2084 populator
282 2014 377 2079 terrae,
392 2025 479 2084 quam
502 2026 519 2064 a
541 2005 777 2084 populationibus
796 2006 944 2066 vindicare
969 2007 1117 2069 debuerat.

110 2101 198 2179 Ergo,
213 2102 264 2180 qui
277 2102 373 2160 relicti
388 2109 479 2176 crant,
490 2101 619 2178 proditos
634 2121 665 2159 se
678 2102 744 2175 rati,
755 2122 791 2160 ne
806 2111 989 2179 conspectum
1003 2105 1121 2182 quidem

108 2197 201 2255 hostis
215 2196 356 2254 sustinere
369 2195 526 2255 voluerunt
539 2198 608 2253 erim
621 2195 668 2254 vel
687 2197 838 2272 pauciores
858 2197 954 2255 locum
968 2199 978 2226 ⁸
989 2199 1121 2260 obtinere

105 2291 278 2368 potuissent.
322 2289 454 2367 Namque
465 2291 621 2366 'perpetuo
631 2291 702 2367 jugo
714 2290 820 2348 montis
831 2291 925 2366 asperi
936 2309 969 2348 ao
979 2295 1121 2370 praerupti

94 2385 213 2446 vCilicia
223 2383 392 2459 includitur,
408 2384 502 2463 'quod
515 2385 583 2442 crim
594 2385 690 2442 amari
704 2391 812 2462 surgat,
823 2384 906 2443 velut
917 2385 983 2444 sinu
995 2387 1118 2465 quodam

104 2481 242 2560 flexuque
259 2489 418 2555 curvatum,
432 2499 533 2539 rursus
554 2479 646 2538 altero
660 2499 749 2538 cornu
763 2481 793 2538 in
807 2480 954 2539 diversum
974 2479 1058 2540 littus
1073 2503 1118 2543 cx·

103 2577 207 2636 currit.
250 2576 309 2635 Per
322 2577 377 2635 boe
397 2566 526 2650 dorsum,
537 2577 595 2654 qud
609 2575 734 2633 maxime
755 2576 912 2635 introrsum
934 2579 1006 2636 mari
1028 2579 1117 2652 cedit,

102 2667 201 2749 asperi
215 2679 275 2731 tres
295 2672 402 2746 aditus,
416 2679 446 2730 et
459 2671 627 2749 perangusti
648 2679 724 2744 sunt,
739 2691 863 2750 quorum
883 2691 940 2730 nno
956 2671 1063 2732 Cilicia
1076 2673 1118 2730 in·

101 2767 207 2826 tranda
221 2775 271 2826 est.
314 2769 324 2798 ⁹
335 2765 513 2844 Campestris
524 2767 632 2843 cadem,
642 2769 700 2845 qud
711 2767 807 2844 vergit
818 2766 855 2824 ad
869 2785 957 2842 mare,
968 2766 1118 2844 planitiem

101 2863 170 2938 ejus
185 2862 294 2922 crebris
309 2862 556 2940 distinguentibus
569 2863 650 2920 rivis.

114 2967 116 2972 '
170 2959 214 3015 10.
238 2957 382 3033 Pyramus
397 2965 426 3015 et
450 2955 578 3034 Cydnus,
593 2955 696 3032 inclyti
721 2973 819 3014 amnes
842 2955 942 3014 fluunt.
987 2954 1114 3034 Cydnus,

62 3109 67 3118 ,
87 3053 192 3110 '¹⁰non
215 3051 309 3129 spatio
330 3071 477 3130 aquarum,
493 3052 544 3110 sed
564 3051 678 3130 liquore
698 3050 908 3126 memorabilis3
930 3051 1046 3130 qnippe,
1059 3051 1115 3111 leur

97 3154 202 3204 tractu
225 3146 388 3204 aientibus
412 3145 521 3219 labens,
535 3164 608 3222 puro
631 3144 693 3203 solo
716 3145 876 3222 excipitur;
899 3163 952 3203 neo
974 3153 1114 3206 torrenter

96 3242 266 3315 incurrunt,
279 3243 299 3270 ¹¹
308 3241 360 3320 qui
373 3239 487 3318 placido
501 3241 644 3298 manantis
659 3239 774 3300 alveum
787 3240 914 3300 turbent.
958 3240 1062 3319 Itaque
1077 3241 1108 3297 in

94 3347 268 3412 corruptus,
290 3335 423 3414 idemque
450 3334 672 3412 frigidissimus;
703 3335 819 3413 quippe,
845 3335 967 3394 ¹'multb
989 3336 1129 3411 riparum'

93 3431 271 3490 amoenitate
286 3431 478 3508 inumbratus,
494 3431 515 3460 ¹⁸
525 3415 633 3508 ubique¹
653 3430 785 3491 fontibus
799 3429 859 3488 suis
874 3429 978 3488 similis
992 3429 1021 3485 in
1036 3447 1116 3485 mare

91 3525 210 3585 evadit.
254 3525 352 3584 Multa
364 3525 395 3584 in
409 3528 444 3585 eb
457 3525 575 3604 regione
595 3532 780 3584 monumenta
792 3523 913 3604 vulgata
931 3520 1115 3596 carminibus,

88 3626 236 3691 vetustas
250 3621 396 3679 exederat.
439 3619 679 3680 Monstrabantnr
692 3619 809 3680 urbium
831 3617 914 3676 sedes
934 3615 1072 3691 Lyrnessi
1087 3623 1117 3674 et

88 3715 236 3792 Thebes3
260 3715 408 3793 Typhonis
431 3735 544 3794 quoquc
557 3733 681 3792 specus,
703 3721 734 3772 et
755 3711 910 3786 Corycium
934 3727 1044 3784 nemus,
1064 3711 1116 3770 ubi

47 3847 51 3856 ·
85 3831 220 3870 crocum
232 3811 370 3889 gignitur,
385 3817 546 3889 caeteraque
561 3809 710 3888 inquibus
730 3804 805 3864 nihil
825 3809 932 3880 praeter
945 3804 1051 3864 famam
1066 3805 1116 3863 du·
