2622 4382
189 375 250 436 288
537 385 678 439 eorunm
707 385 848 428 ounru

190 535 333 605 reserant,
348 529 496 588 inuentum
510 533 542 587 et
554 525 739 588 temerarium
749 525 861 604 Regem
876 524 897 556 ¹⁸
906 523 1002 602 exeipi
1013 539 1106 602 posse.
1130 523 1152 554 ¹¹
1161 520 1204 582 ut

190 627 266 686 torte
280 625 359 684 inter
372 625 605 704 promptissimos
619 623 768 696 dimioaus,
784 621 913 680 intaotus
927 627 1069 680 evaserat

250 725 298 784 28.
330 720 484 799 Praeeipud
509 719 696 793 Ptolemaeus,
720 719 794 778 laeuo
817 717 936 777 humero
960 716 1065 776 leviter
1086 714 1205 794 quidem

190 815 316 894 saueius,
333 816 386 876 sed
410 815 429 844 ¹⁸
438 816 548 892 majore
570 813 702 891 perieulo
715 815 805 892 quem
826 811 945 871 vulnere
967 809 1206 886 effeetus,Re1is

192 910 417 971 sollieitudinem
438 911 469 968 in
491 927 522 969 se
544 916 736 968 eonverterut.
778 906 925 986 Sanguine
946 908 1122 983 eonjunome
1135 915 1207 974 erat,

190 1005 362 1084 etquidem
389 1005 527 1083 Philippo
551 1005 683 1084 genitum
707 1021 770 1062 esse
794 1001 968 1078 eredebsut3
998 1003 1078 1061 oertd
1102 1001 1207 1080 pellioe

189 1103 255 1178 ejus
269 1107 365 1159 ortum
383 1100 543 1160 oonstsbat.
586 1099 671 1158 Idem
691 1099 819 1176 eorporis
840 1105 947 1172 eustos,
961 1097 1207 1175 promptissimus·

190 1215 248 1277 que
262 1195 395 1271 bellator,
410 1202 440 1255 et
453 1196 532 1274 panis
555 1195 674 1269 ertibus,
689 1196 777 1274 qudm
799 1193 914 1253 militioe
934 1195 1027 1270 mojor
1040 1199 1071 1251 et
1091 1191 1206 1266 elurior,

193 1292 336 1352 “mediet
360 1291 496 1371 civilique
516 1292 605 1365 uultu,
620 1290 751 1351 liberalis
775 1289 917 1367 imprimis
940 1289 1083 1368 adituque
1102 1288 1208 1362 suellis,

192 1389 268 1449 nibil
282 1409 319 1448 ex
332 1389 412 1448 festu
432 1388 512 1467 regio
526 1394 729 1465 assumpserat.
774 1383 822 1447 Ob
836 1385 899 1444 beee
912 1384 990 1463 Regi
1004 1403 1042 1442 en
1062 1383 1207 1462 populari·

192 1484 248 1546 bus
262 1484 354 1544 oarior
368 1491 444 1544 esset
458 1483 586 1542 dubitari
599 1489 731 1559 poterat:
753 1487 816 1538 tum
830 1479 909 1539 eertt
922 1480 1052 1557 primdm
1065 1487 1208 1557 expertus

191 1599 308 1640 suorum
324 1579 442 1652 animos,
457 1577 531 1638 edeb
555 1585 589 1636 ut
610 1578 766 1648 fortunam,
781 1576 811 1634 in
834 1595 921 1654 quarn
942 1583 1044 1653 postea
1063 1575 1207 1649 aseendit,

191 1673 222 1732 in
245 1673 297 1732 illo
320 1673 449 1751 perieulo
474 1671 650 1730 Macedones
663 1671 783 1730 ominati
804 1689 868 1730 esse
881 1670 1046 1730 videantur.
1089 1669 1208 1748 Quippe

190 1787 248 1826 non
261 1767 355 1827 levior
368 1767 429 1825 illis
444 1766 598 1825 Ptolemaei
611 1767 672 1824 fuit
684 1785 761 1840 oure,
776 1769 865 1844 quam
879 1765 974 1845 Regi3
995 1765 1047 1844 qui
1060 1773 1091 1824 et
1103 1767 1207 1844 praelio

191 1869 222 1921 et
236 1859 433 1920 sollieitudine
447 1859 588 1937 fatigatus
609 1879 675 1918 oum
697 1860 859 1920 Ptolemaeo
880 1859 1029 1935 assideret,
1043 1859 1166 1939 leetum,
1179 1861 1208 1920 in

191 1975 249 2037 quo
261 1957 324 2036 ipse
349 1955 553 2035 aequiesoeret,
574 1955 665 2032 jussit
677 1955 788 2014 inferri
831 1955 870 2015 In
891 1975 978 2035 quem
991 1963 1027 2014 nt
1040 1975 1071 2015 se
1085 1958 1207 2037 reoepit,

189 2052 327 2133 protinds
350 2051 467 2111 ”altior
491 2051 638 2110 inseeutus
662 2057 709 2109 est
732 2069 855 2110 somnus.
900 2051 948 2110 Ex
968 2071 1026 2136 quo
1048 2052 1206 2128 excitatus,

189 2167 243 2227 per
262 2147 390 2228 quietem
408 2145 518 2207 vidisse
542 2165 573 2207 se
597 2146 717 2224 exponit
741 2145 864 2224 speeiem
889 2145 1023 2205 drudonis
1047 2147 1067 2175 ¹¹
1076 2145 1208 2208 oblatam

190 2245 311 2306 herbam
323 2244 444 2304 ferentia
459 2261 518 2317 ore,
533 2259 620 2322 quam
633 2243 737 2302 veneni
749 2241 910 2302 remedium
924 2261 986 2301 esee
999 2248 1206 2304 monstrasset

192 2339 327 2401 Colorem
340 2341 456 2420 qudque
477 2339 576 2400 herbae
598 2338 751 2413 referebat,
773 2338 794 2368 ¹¹
803 2337 979 2417 agniturum,
994 2338 1020 2397 ei
1038 2341 1106 2418 quis
1124 2359 1208 2419 repe·

190 2435 288 2508 risset,
303 2433 462 2508 offirmtum
484 2433 688 2511 inventamque
713 2433 827 2509 deinde,
840 2433 946 2511 quippe
960 2451 978 2491 a
991 2433 1093 2492 multis
1116 2435 1207 2496 simul

188 2535 254 2588 ¹erut
274 2527 424 2606 requisito,
447 2527 562 2586 vulneri
585 2527 743 2604 imposuit:
771 2529 966 2607 protinusque
989 2529 1090 2588 dolore
1110 2531 1206 2606 finito,

189 2625 266 2684 intra
287 2623 375 2684 breve
396 2621 524 2700 spatium
537 2622 660 2680 oieatrix
673 2624 787 2702 qudque
811 2623 937 2683 obducta
960 2632 1013 2684 est
1055 2625 1206 2687 Barbaros

187 2727 223 2781 ut
235 2719 330 2800 prima
341 2737 406 2797 spes
419 2715 574 2792 fefellerat,
589 2716 699 2794 seipsos
712 2718 872 2797 urbemque
894 2719 1078 2779 dediderunt
1123 2722 1205 2782 Hine

188 2817 220 2878 in
243 2817 405 2896 proximam
426 2819 541 2895 gentem
565 2812 729 2873 Patalium
752 2821 925 2892 perventum
949 2825 1003 2875 est
1047 2816 1115 2876 Rex
1139 2825 1205 2878 erat

189 2913 302 2987 Moeris,
329 2912 382 2992 qui
415 2912 487 2973 urbe
515 2909 632 2970 deserte
659 2910 690 2968 in
717 2916 830 2970 mentes
857 2912 1037 2990 profugerat.
1094 2913 1203 2994 Itaque

188 3007 358 3068 Alexander
371 3008 477 3087 oppido
497 3007 618 3086 potitur,
633 3025 774 3086 agrosque
788 3006 952 3084 populatur.
996 3007 1113 3086 Magnae
1133 3009 1202 3068 inde

186 3101 294 3181 proedee
308 3109 382 3162 autes
396 3111 465 3162 sunt
477 3121 614 3180 potorum
634 3109 893 3182 armentorumque,
906 3121 1012 3182 magne
1024 3103 1072 3163 vie
1084 3112 1202 3182 reperta

185 3197 334 3258 frumenti.
377 3197 510 3257 Duolbus
531 3197 635 3258 deinde
650 3197 775 3276 sumptis
788 3198 881 3258 amnis
894 3198 1008 3276 peritis,
1024 3199 1149 3258 delinxit
1162 3201 1206 3260 ad

186 3292 310 3354 insulam
323 3291 419 3351 medio
432 3293 524 3350 ferme
539 3293 621 3353 alveo
636 3293 655 3322 ²⁸
664 3301 788 3353 enatam.

246 3388 304 3450 IX.
326 3389 373 3447 29.
396 3385 445 3447 Ibi
459 3386 572 3446 diutiris
587 3388 745 3448 subsistere
759 3395 885 3463 rosetus,
901 3390 989 3468 ¹quis
1001 3390 1091 3450 dneee
1105 3409 1198 3452 sueor-

185 3487 256 3547 dids
289 3482 429 3546 asservati
454 3482 652 3560 profugerant,
679 3483 761 3542 misit
787 3485 838 3562 qni
865 3486 1070 3563 eonquirereut
1103 3487 1195 3546 alies:

184 3583 256 3644 'neo
289 3581 423 3661 repertis,
450 3577 587 3658 pertinax
613 3578 719 3656 eupido
746 3578 866 3638 iuoeasit
892 3580 1007 3640 visendi
1037 3581 1195 3657 Oceanum,

183 3677 368 3758 adeundique
387 3675 525 3736 terminos
544 3673 662 3749 muudi;
684 3680 720 3731 ut
733 3673 795 3732 siue
815 3675 943 3753 regionis
957 3677 1069 3754 peritis,
1084 3677 1196 3738 flumini

183 3771 283 3847 igntto
304 3779 393 3850 eeput
420 3791 513 3845 sunm,
535 3775 636 3848 totque
659 3767 883 3829 fortissimorum
906 3771 1035 3832 virorum
1060 3773 1193 3848 salutem,

183 3863 372 3941 permitteret.
416 3865 445 3924 N
447 3865 603 3945 erigebant
622 3865 699 3942 πρὸ,
714 3865 849 3940 omnium,
864 3885 917 3943 per
937 3885 1004 3944 ques
1026 3869 1195 3932 ferebantur
