2642 4386
426 375 546 418 arona
572 374 655 414 vui.
683 374 765 418 aar.
793 375 846 416 v1.
1087 357 1140 422 101

186 514 244 576 VL
265 518 314 576 21.
345 512 404 574 ¹Iu
428 511 622 576 calisthenem
648 513 720 574 olim
751 513 936 578 armeus
967 520 1142 594 sumentem,

123 611 327 690 pervicacioris
343 610 395 672 irae
407 610 475 686 fuit,
488 611 572 690 cujus
594 609 745 688 explendae
767 618 880 674 maturo
893 609 1010 672 obvenit
1023 612 1141 672 ooomio.

125 706 194 768 Mos
224 714 289 766 erat
317 706 361 782 (ut
386 707 474 783 suprh
507 705 617 764 dictum
650 709 705 782 est)
732 705 910 784 principibus
942 705 1142 782 Macedonum,
1269 747 1274 754 -

8 791 11 836 ‘'
125 802 245 862 adultos
269 801 373 864 liberos
399 800 531 880 Regibus
557 800 681 876 tradere,
705 799 764 860 ’ad
790 800 890 860 munis
912 799 991 860 haud
1017 801 1144 864 mutan

125 896 279 958 servilibus
310 895 480 956 ministeriis
511 895 707 956 abhorrentia.
763 895 966 970 Excubabant,
1000 895 1144 958 'matis

8 973 9 1006 ³
124 992 252 1052 naam
275 991 395 1067 aaran,
415 991 542 1070 proximi
565 990 677 1052 foribus
700 992 765 1068 ojus
785 991 866 1066 aas,
888 990 920 1050 a
939 995 999 1070 qua
1013 991 1080 1052 aar
1099 1011 1143 1052 aa

7 1161 10 1166 Ι
124 1088 296 1167 quiescebat.
348 1087 445 1148 Iidem
466 1093 597 1164 acceptos
621 1085 658 1148 ab
679 1086 851 1166 agasonibus
870 1105 968 1166 equos,
989 1089 1058 1148 edm
1077 1087 1144 1148 Rex

124 1203 295 1246 ascensurus
308 1190 394 1258 esset,
415 1181 637 1256 ‘admovebant
651 1181 917 1262 comitabanturque
938 1190 968 1242 et
981 1191 1143 1259 venantem,

124 1285 155 1338 et
174 1279 206 1338 in
218 1278 346 1356 praeliis;
368 1275 501 1336 omnibus
522 1275 636 1334 artibus
657 1275 820 1336 studiorum
840 1276 1005 1338 liberalium
1024 1277 1142 1339 exculti

124 1373 297 1449 Praeoipuus
309 1370 401 1428 honor
413 1368 582 1442 habebatur,
595 1368 676 1447 quod
688 1368 796 1430 licebat
809 1369 976 1430 sedentibus
988 1371 1067 1432 vesei
1079 1390 1144 1432 oum

124 1467 216 1544 Rege.
274 1462 444 1542 Castigandi
469 1462 636 1525 verberibus
662 1481 712 1522 eos
738 1462 846 1522 nullius
878 1470 1006 1541 potestas
1038 1471 1146 1543 praeter

15 1559 18 1564 '
124 1560 224 1638 ipsum
237 1566 307 1620 erat
357 1558 432 1618 Hmc
452 1557 554 1618 cohors
567 1558 649 1618 velut
670 1558 856 1621 seminarium
875 1559 980 1620 duonrn
998 1561 1145 1638 praetacto·

47 1637 53 1643 ’
126 1673 247 1733 rumque
269 1653 345 1732 apud
366 1653 542 1714 Macedonas
564 1653 630 1714 fuit
672 1653 752 1714 Hine
765 1654 891 1716 habuere
910 1657 1020 1733 posteri
1038 1657 1145 1737 Reges,

125 1769 248 1829 quorum
262 1748 419 1826 ‘stirpibus
432 1755 499 1826 post
511 1747 619 1808 multas
631 1755 733 1809 aetates
746 1750 871 1812 Romani
885 1770 954 1829 opes
966 1751 1143 1814 ademerunt.

125 1843 244 1923 ‘Igitur
254 1842 436 1920 Hermolaus,
449 1863 522 1922 puer
534 1843 640 1905 nobilis
654 1863 691 1904 ex
703 1844 787 1924 regis
800 1845 927 1921 cohorte,
942 1847 1028 1906 'calm
1040 1867 1145 1926 aprum

123 1939 184 1998 telo
197 1943 372 2017 occupasset,
386 1958 471 2018 quem
493 1939 559 1998 Rex
580 1939 668 2000 ferire
689 1939 891 2016 destinaverat,
909 1943 1070 2019 jussuejns
1082 1961 1144 2004 ver·

123 2033 242 2096 boribus
263 2034 381 2094 effaetus
402 2040 455 2094 esa
498 2032 593 2104 Quam
614 2034 801 2113 ignominiam
821 2036 899 2114 aegre
920 2036 1025 2111 ferens,
1039 2035 1145 2096 deflere

124 2127 205 2206 apud
227 2127 391 2188 Sostratum
415 2127 510 2205 coepit.
560 2128 609 2188 Ex
636 2128 739 2186 eadem
765 2128 881 2188 cohorte
902 2137 965 2188 erat
987 2129 1144 2205 Sostratus,

124 2241 226 2285 amore
239 2224 303 2300 ejus
327 2221 445 2282 ardens:
466 2221 517 2301 qui
540 2223 608 2280 culm
627 2222 788 2282 laceratum
810 2223 943 2300 'corpus
967 2223 999 2282 in
1017 2241 1075 2302 qno
1098 2223 1146 2282 da-

123 2318 251 2397 peribat,
275 2317 449 2392 intueretur,
472 2316 595 2377 forsitm
618 2317 689 2376 olim
715 2317 753 2377 ob
779 2317 867 2378 aliam
891 2337 1006 2396 quoque
1030 2337 1146 2382 oausam

125 2414 204 2493 Regi
218 2413 350 2488 infestus,
370 2414 507 2490 juvenem
530 2416 582 2472 snt
596 2418 698 2490 sponte
716 2413 778 2490 jam
799 2419 919 2488 motum,
933 2413 1002 2474 data
1021 2414 1086 2490 fide,
1101 2433 1145 2476 ao·

126 2512 267 2588 captaque
279 2507 416 2585 perpulit,
430 2514 464 2566 ut
477 2507 627 2567 occidendi
647 2506 757 2586 Regem
770 2506 924 2568 consilium
936 2527 1033 2569 amum
1047 2509 1144 2572 iniret.

4 2653 6 2658 .
128 2603 191 2664 Nec
205 2603 330 2682 'puerili
354 2602 465 2681 impetu
486 2623 548 2664 rem
561 2602 691 2662 exsecuti
714 2610 798 2664 sunt:
818 2602 923 2682 quippo
936 2603 1058 2664 solerter
1069 2603 1145 2684 lage-

127 2705 204 2774 runt,
232 2718 304 2777 quos
327 2698 358 2756 in
384 2697 552 2757 societatem
575 2697 694 2758 sceleris
713 2698 905 2758 asciscerent:
936 2697 1144 2774 Nicostratum,

127 2793 328 2870 Antipatrum,
351 2791 655 2872 Asclepiodnrumque,
673 2799 706 2868 ¹et
729 2792 877 2852 Philotam
899 2791 1010 2869 placuit
1029 2793 1145 2855 manuni

127 2889 188 2949 Per
200 2889 259 2952 hoa,
268 2887 375 2963 adjecti
389 2896 457 2946 sunt
467 2888 612 2964 Anticles,
627 2887 803 2966 Rlaptcnius
817 2894 848 2946 et
861 2886 1025 2963 Epimenes.

100 3011 105 3020 ·
190 2987 237 3042 22.
261 2979 405 3042 Caeterum
426 2983 546 3060 agendae
568 2983 612 3042 rei
634 2982 713 3042 haud
737 2982 806 3041 sane
830 2979 927 3040 facilis
948 2981 1066 3059 patebat
1087 2981 1144 3048 via.
1207 3024 1211 3034 .

128 3079 213 3156 Opus
227 3082 292 3138 erat
315 3077 417 3136 eadem
439 3096 536 3138 omnes
548 3079 713 3155 conjuratos
725 3083 811 3136 nocte
831 3075 980 3153 excubare,
992 3097 1030 3137 no
1041 3077 1078 3140 ab
1097 3099 1144 3140 ex·

126 3174 259 3253 pertibus
272 3173 388 3234 consilii
411 3171 628 3250 impedirentur.
669 3172 759 3232 Forte
773 3177 871 3232 autem
894 3172 968 3232 alius
988 3173 1047 3232 alia
1060 3180 1145 3237 noots

128 3269 297 3330 excubabat.
339 3267 445 3347 Itaque
458 3269 490 3326 in
509 3267 707 3345 permutandis
722 3267 879 3328 stationum
891 3268 1014 3344 vicibus,
1028 3276 1145 3330 cataro·

127 3384 182 3444 qne
206 3371 347 3442 apparatu
370 3362 559 3443 exsequenda
582 3361 634 3438 rei,
655 3361 775 3442 triginta
796 3369 827 3422 et
847 3362 906 3422 duo
918 3363 981 3430 dies
1000 3361 1145 3438 absumpti

128 3465 204 3520 suna
247 3458 362 3518 Aderat
380 3478 447 3534 nox,
461 3462 521 3538 qua
541 3457 684 3535 conjurati
706 3459 848 3520 excubare
870 3458 1021 3530 debebant,
1042 3459 1145 3515 mutua

127 3555 183 3614 lide
210 3554 281 3629 laeti,
308 3556 392 3631 cujus
419 3553 620 3614 documentum
645 3560 691 3612 tot
718 3553 780 3614 dies
813 3553 937 3612 fuerant.
992 3548 1146 3608 Neminem

128 3657 221 3710 metus
245 3669 346 3728 spesve
367 3655 544 3725 mutaverat3
575 3655 658 3708 tanta
680 3648 815 3708 omnibus
834 3646 883 3706 vel
905 3646 937 3704 in
959 3644 1071 3718 Regem
1090 3642 1144 3720 ira,

129 3745 175 3805 vol
187 3745 258 3806 fides
271 3744 348 3804 inter
362 3743 439 3821 ipsos
452 3743 518 3802 fuit
556 3743 680 3804 Stabant
693 3742 784 3821 igitur
796 3740 835 3798 ad
853 3741 930 3798 fores
942 3736 1015 3796 aedis
1028 3739 1099 3816 ejas,
1114 3739 1146 3800 in

129 3845 187 3920 qna
208 3840 275 3900 Rex
289 3839 465 3914 vescebatur,
488 3845 523 3898 ut
544 3837 677 3900 convivio
698 3851 845 3914 egressum
866 3833 896 3894 in
918 3831 1079 3897 cubiculum
1098 3835 1144 3898 de·
