2642 4386
206 353 262 416 aid
551 367 692 422 oursrr
719 366 862 410 ousrrr

202 505 303 572 aedom
315 525 398 570 mens
411 505 544 570 omnibns
563 504 704 570 Barbarie
725 504 793 566 fuit
834 503 937 566 Armis
955 503 1077 586 quidm
1091 501 1231 581 Mi

200 601 297 681 plures
310 608 376 662 ante
389 608 534 662 certamen
547 601 706 680 'imperata
719 599 867 661 fecerunt:
886 599 992 679 quibua
1003 617 1114 674 eorum
1129 597 1189 678 qni
1201 598 1233 658 in

202 695 359 756 defectione
371 701 634 774 perseveraverant,
651 693 738 755 nrbes
750 712 890 774 agrosque
901 693 989 770 jussit
1001 693 1141 754 attribui.
1186 694 1232 752 At

202 789 303 852 exules
317 789 468 850 Bactriani
479 809 543 850 oum
553 789 726 868 octingentis
736 788 881 868 equitibus
892 788 1131 867 Massagetarum
1144 807 1231 866 prox·

203 885 276 946 imos
288 886 368 948 vicos
382 891 577 946 vastaverunt.
618 884 671 946 Ad
683 904 754 964 quos
767 883 937 944 coercendos
950 883 1074 942 Attinas
1092 883 1229 962 regionis

202 982 267 1058 ejus
287 980 449 1040 Praefectus
468 985 610 1039 trecentos
629 979 749 1058 equites,
763 978 936 1038 insidiarum
955 997 1020 1058 quae
1040 977 1231 1056 parabmrtur

201 1072 330 1152 ἰςιιαιιιε,
354 1072 464 1133 eduxit
506 1070 639 1152 Namque
662 1072 754 1132 hostis
775 1073 806 1130 in
830 1072 930 1150 sylvis,
950 1091 1016 1150 quea
1037 1078 1125 1130 erant
1151 1072 1229 1130 forth

173 1205 180 1220 κ
202 1187 302 1246 campo
312 1169 430 1246 junctae,
444 1173 585 1226 armatum
596 1167 720 1226 militem
732 1167 872 1242 condidit,
882 1167 982 1246 paucis
994 1165 1229 1244 propellentibus

201 1282 313 1342 pecora,
326 1269 361 1322 ut
372 1262 564 1342 improvidum
578 1263 616 1322 ad
628 1261 758 1325 ¹insidias
778 1261 876 1340 praeda
895 1261 1075 1340 perduceret.
1118 1260 1229 1340 Itaque

202 1357 406 1438 'incomposito
428 1358 552 1438 agmine,
574 1357 733 1436 solutisque
759 1357 919 1432 ordinibus,
946 1355 1069 1416 Attinas
1092 1357 1226 1434 ‘praeda

201 1453 319 1516 bundns
343 1455 532 1534 sequebatur:
553 1473 639 1534 quem
661 1459 897 1532 praetergressum
920 1451 1041 1530 sylvam,
1054 1451 1108 1530 qni
1134 1452 1172 1510 in
1193 1457 1226 1510 et

202 1550 398 1624 consederant,
411 1569 448 1608 ex
468 1547 622 1626 improviso
643 1545 748 1622 adorti,
762 1566 828 1606 oum
847 1545 981 1606 omnibus
1001 1545 1223 1608 interemerunt

203 1641 345 1706 Celeriter
358 1644 396 1704 ad
417 1643 569 1704 Craterum
582 1643 671 1721 hujus
685 1643 777 1702 cladis
790 1643 867 1702 fama
885 1641 997 1721 perlata
1015 1648 1069 1716 est,
1084 1643 1137 1722 qui
1160 1662 1224 1702 unm

204 1737 284 1798 omni
296 1739 426 1816 equitatu
439 1738 610 1814 supervenit.
653 1737 695 1796 Et
716 1737 890 1817 Massageta
904 1736 1019 1816 quidem
1032 1738 1097 1814 jam
1110 1738 1223 1818 refugo·

201 1838 275 1892 rant
317 1832 408 1892 Dahae
421 1832 500 1891 mille
513 1832 643 1910 oppressi
664 1840 751 1894 sunt:
772 1853 893 1912 quornm
913 1832 1003 1908 clade,
1016 1831 1112 1892 totins
1131 1833 1221 1912 regio·
1292 1909 1293 1914 η

200 1926 246 1988 nis
260 1926 342 1986 linita
357 1927 489 1988 defectio.
530 1927 699 1988 Alexander
710 1947 831 2008 quoque,
845 1927 997 2010 Sogdianis
1006 1929 1114 1988 rursds
1123 1928 1221 1990 subeo

200 2021 249 2099 tis,
264 2022 440 2082 Maracanda
452 2023 568 2101 repetit

262 2123 289 2182 2.
311 2117 361 2180 Ibi
373 2117 492 2194 Berdes,
507 2117 642 2198 quemad
657 2117 777 2196 Scythas
797 2137 884 2195 super
897 2117 1079 2196 Bosphorum
1094 2116 1220 2178 colentes

201 2214 331 2292 miserat,
346 2235 412 2274 cum
432 2214 536 2294 legatis
555 2214 650 2293 gentis
670 2213 802 2274 occurrit.
844 2212 1077 2290 Phrataphernes
1097 2233 1219 2292 quoquo,

201 2310 252 2388 qui
278 2309 456 2372 Chorasmiis
469 2316 602 2388 praeerat,
616 2307 790 2388 Massagetis
811 2315 840 2368 et
860 2307 952 2367 Dahis
964 2307 1117 2387 regionum
1137 2309 1219 2370 corfi-

200 2405 251 2466 nio
273 2405 435 2482 adjunctus,
450 2405 577 2480 miserat,
597 2404 647 2483 qui
668 2404 813 2482 facturum
836 2403 979 2482 imperata
1001 2403 1217 2482 pollicerentur.

203 2497 318 2576 Scythae
331 2497 476 2576 petebant,
487 2505 520 2556 ut
531 2499 624 2577 Regis
638 2497 685 2558 sui
696 2499 785 2556 filiam
794 2497 979 2558 matrimonio
993 2497 1050 2559 sibi
1061 2499 1218 2578 jungeret:

202 2591 227 2652 si
242 2591 445 2672 dedignaretur
459 2592 633 2668 affinitatem,
647 2593 792 2672 principes
813 2593 1005 2654 Macedonum
1024 2613 1091 2652 cum
1112 2595 1217 2673 primo·

200 2685 282 2750 ribus
302 2706 362 2762 suae
384 2685 480 2766 gentis
501 2687 641 2746 connubio
664 2687 741 2748 coire
767 2695 923 2766 patoretur.
974 2687 1078 2765 lpsum
1105 2709 1217 2768 quoquc

200 2781 313 2864 Regem
333 2789 485 2844 venturum
512 2781 550 2840 ad
573 2801 637 2842 eum
660 2783 877 2860 pollicebantur.
920 2782 1051 2862 Utraque
1072 2781 1217 2862 legatione

200 2877 324 2959 benigni
338 2878 448 2954 andita,
470 2877 708 2956 Hephaestionem
727 2886 757 2936 et
776 2879 956 2939 Artabanum
977 2878 1146 2956 opperiens,
1160 2887 1217 2942 sta·

201 2971 263 3032 tiva
288 2972 406 3034 habuit:
427 2973 548 3052 ‘quibus
569 2972 721 3050 adjunctis,
744 2973 775 3030 in
799 2973 945 3052 regionem
965 2992 1031 3051 quae
1054 2973 1217 3050 appellatur

203 3067 356 3142 Boacrio,
379 3069 519 3144 persenit.
561 3068 700 3130 Barbarae
721 3067 875 3145 opulentiae
900 3067 932 3128 in
955 3067 1016 3128 illis
1039 3067 1113 3128 locis
1141 3069 1216 3128 hand

201 3159 262 3220 ulla
275 3167 344 3220 sunt
356 3163 466 3238 majora
480 3163 597 3240 indicia,
611 3164 700 3243 quam
719 3162 832 3242 magnis
852 3161 1015 3224 nemoribus
1035 3163 1216 3244 saltibusque

201 3254 341 3316 nobilium
354 3255 479 3315 ferarum
492 3277 592 3336 greges
606 3257 705 3320 clausi.
748 3257 895 3335 Spatiosas
908 3257 946 3318 ad
965 3257 1019 3316 hoc
1032 3257 1147 3337 eligunt
1161 3259 1215 3337 syl·

200 3368 262 3425 ras,
276 3349 383 3410 crebris
395 3351 563 3428 perennium
576 3372 715 3430 aquarum
735 3352 865 3412 fontibus
885 3370 1018 3412 amoenas.
1060 3352 1159 3412 Muris
1170 3373 1215 3412 ne·

200 3465 281 3506 mora
292 3445 454 3526 cinguntur,
465 3452 614 3525 turresque
623 3447 731 3508 habent
740 3447 907 3508 venantium
920 3447 1109 3524 receptacula.
1141 3446 1214 3518 Qua-

200 3548 268 3602 tuor
295 3540 439 3602 continuis
464 3539 600 3602 statibus
626 3541 771 3602 intactum
800 3541 907 3606 saltum
932 3542 1022 3602 fuisse
1048 3543 1212 3620 constabat3

199 3657 286 3716 quem
299 3635 468 3698 Alexander
480 3656 545 3696 oum
564 3643 627 3696 toto
647 3637 774 3698 exercitu
793 3637 950 3718 ingressus,
963 3636 1069 3716 agitari
1090 3638 1213 3718 undique

200 3731 278 3790 ieras
289 3733 386 3808 jussit.
428 3727 512 3794 Inter
537 3751 609 3814 quas
632 3734 701 3792 edm
723 3733 771 3794 leo
792 3733 1003 3812 magnitudinis
1024 3753 1100 3792 rarae
1120 3733 1211 3812 ipsum

117 3848 120 3854 ·
200 3824 311 3904 Regem
336 3827 487 3888 invasuros
513 3829 680 3906 incurreret,
702 3828 776 3888 forte
804 3828 1004 3908 Lysimachus,
1027 3827 1094 3908 [qui
1114 3837 1213 3907 postea
