2642 4386
389 353 514 400 aranu
543 354 637 396 rur.
668 355 754 398 oar.
783 353 867 396 arr.
1077 335 1135 396 an

182 499 228 562 46.
251 496 323 560 Jam
343 493 475 575 uadunt
497 513 597 574 pugna
618 513 652 556 se
669 500 809 572 morunt,
827 494 897 554 erim
918 493 949 569 ii,
962 493 1015 574 qui
1035 509 1140 554 enema

121 594 256 674 agebant,
270 591 346 655 illud
359 591 494 652 ultimum
517 590 661 652 auxilium
684 609 803 650 suornm
815 591 883 667 rati,
897 589 998 650 effusis
1017 589 1140 651 habenis

121 690 153 752 iu
179 689 308 752 medium
337 687 492 750 disorimen
513 693 598 748 ruere
623 693 781 764 oeperunt
833 686 951 765 Aneeps
971 685 1003 746 id
1019 685 1139 748 nalum

121 785 256 865 utrisque
279 789 348 846 erat.
400 783 478 844 Nam
503 790 534 842 et
555 781 750 842 Macedonum
769 782 884 862 pedites
910 782 1006 860 primo
1025 783 1140 862 impetn

124 881 338 955 obterebantur,
353 885 384 942 et
404 899 457 958 per
479 878 592 940 lubrica
606 885 696 958 atque
709 878 789 939 invia
802 878 926 938 immissi
939 897 1042 937 onnus
1056 895 1140 938 exon·

124 975 309 1051 tiebauteos,
324 975 461 1056 aquibus
483 974 667 1053 regebantur.
710 974 847 1034 Aliorum
868 974 982 1036 turbati
996 974 1063 1055 equi
1082 993 1140 1034 non

122 1071 155 1130 in
177 1072 331 1152 voragines
355 1071 442 1132 mode
465 1071 650 1150 leonnasque,
670 1070 724 1132 sed
748 1072 837 1131 etiam
856 1071 888 1130 in
908 1091 1022 1131 amnem
1042 1069 1142 1150 praeei-

122 1168 253 1245 pitarere
267 1167 418 1228 ourrieula
461 1166 556 1228 Panoi
579 1173 677 1226 tamen
700 1166 829 1226 hostium
851 1167 920 1227 telis
940 1167 1037 1226 exaeti
1057 1185 1141 1246 pene·

122 1267 239 1324 trevere
252 1263 291 1322 ad
305 1263 426 1335 Porum,
439 1261 579 1322 acerrime
591 1279 718 1340 pugnam
739 1261 871 1320 aientem
915 1261 959 1336 Is,
972 1267 1007 1320 ut
1021 1261 1141 1339 dissipa·

122 1365 170 1420 tos
197 1363 263 1418 tota
287 1357 350 1418 aoie
373 1375 476 1417 ourrus
503 1357 605 1433 vagari
631 1355 694 1415 sine
713 1355 875 1416 raetoribus
895 1357 980 1432 vidit,
1000 1356 1143 1435 proximis

123 1454 283 1514 amieorum
302 1451 456 1512 distribuit
475 1451 652 1529 elephantes.
704 1451 780 1510 Post
800 1469 850 1511 eos
869 1459 1009 1530 posuerat
1027 1452 1144 1530 pedites

126 1568 159 1608 aa
180 1547 351 1625 sagittarios
376 1553 514 1625 tympana
534 1546 652 1626 pulsare
673 1545 784 1607 solitos.
828 1547 867 1606 Id
886 1554 1042 1626 procantu
1062 1547 1143 1608 tuba·

125 1663 191 1704 rum
214 1641 299 1702 Indis
314 1641 392 1702 ‘erat
434 1641 465 1702 N
466 1661 498 1702 eo
512 1642 639 1720 strepitu
662 1633 761 1702 eorum
781 1641 999 1718 'movebo-ntur,
1013 1641 1085 1702 olim
1105 1639 1144 1701 ad

125 1747 228 1800 notum
243 1757 345 1798 sonum
359 1737 478 1798 auribus
487 1738 635 1816 mitigatis.
679 1738 819 1798 Heroulis
833 1739 1020 1798 simulacrum
1034 1737 1143 1818 agmini

125 1835 258 1912 peditum
277 1833 502 1912 praeferebatur,
524 1834 556 1892 id
575 1834 733 1894 maximum
754 1841 819 1894 erat
845 1835 1022 1896 bellantibus
1044 1835 1142 1894 inuita

125 1937 275 1991 mentum:
296 1937 326 1988 et
339 1929 503 1990 deseruisse
522 1936 671 2008 gestantes
691 1929 820 1990 militare
840 1930 986 2010 flagitium
999 1930 1144 1992 ‘hebeba-

124 2032 183 2084 tur.
227 2024 341 2103 Oapitis
362 2026 449 2084 etiam
471 2031 629 2084 sanxerant
651 2045 765 2102 poenam
786 2025 833 2100 iis,
860 2026 912 2105 qui
938 2045 976 2085 ex
1004 2026 1067 2084 aoie
1085 2045 1144 2086 uon

125 2121 313 2197 retulisseut;
335 2128 423 2196 metu,
437 2141 524 2200 quem
537 2121 594 2180 'ex
607 2119 660 2179 illo
674 2121 759 2180 hoste
778 2121 923 2199 quondam
944 2127 1144 2198 eonoeperant,

126 2217 216 2276 etiam
238 2215 269 2273 in
291 2215 461 2293 religionem
480 2215 751 2294 venerationemque
777 2233 926 2275 souuerse.
969 2215 1146 2274 Maoedonas

125 2331 187 2372 nou
200 2311 363 2372 belluarum
375 2311 472 2386 modd,
487 2307 540 2370 sed
560 2311 648 2370 etiam
662 2311 755 2388 ipsius
775 2310 869 2390 Regis
883 2317 1019 2390 aspeotus
1031 2329 1144 2389 parum·

125 2428 181 2488 per
202 2407 338 2469 inhibuit.
381 2407 505 2482 Bellnae,
529 2405 679 2485 dispositae
700 2407 778 2466 inter
791 2414 925 2483 armatos,
941 2407 1066 2486 speeiem
1086 2414 1144 2468 tur·

125 2505 205 2564 rium
217 2503 319 2581 prooul
333 2503 470 2565 fecerant.
519 2503 590 2582 Ipse
604 2503 700 2562 Porus
714 2503 848 2564 humanae
860 2504 1068 2584 magnitudinis
1081 2521 1146 2582 pro·

125 2599 283 2678 pemodum
310 2605 474 2660 excesserat
500 2599 630 2658 formam.
683 2597 883 2678 Magnitudini
909 2599 1038 2678 adjieere
1065 2599 1145 2660 ride·

126 2695 214 2756 batur
234 2693 340 2770 bellua,
362 2697 422 2773 qut
443 2693 609 2770 vehebatur,
630 2701 745 2754 tautum
771 2695 847 2756 inter
867 2703 988 2756 caeteras
1009 2693 1146 2774 eminens,

125 2796 269 2869 quantum
284 2789 350 2850 allis
363 2790 425 2868 ipse
439 2790 605 2868 praestabat.

191 2887 237 2944 47.
259 2883 365 2964 Itaque
380 2885 548 2945 Alexander
570 2885 783 2964 contemplatus
797 2892 828 2944 et
850 2885 973 2964 Regem,
993 2889 1025 2943 et
1045 2905 1146 2964 agmen

126 2979 283 3053 Indorum,
312 2981 329 3014 “
343 2979 500 3054 Tandem,”
528 2981 633 3060 inquit,
662 2985 744 3062 “par
769 2981 866 3040 animo
894 3000 958 3040 meo
985 2981 1145 3059 perieulum
1177 3039 1180 3042 .

125 3075 225 3136 video.
269 3072 460 3135 Oum'bestiis
474 3076 603 3135 simulet
616 3095 682 3134 eum
696 3076 820 3156 egregiis
833 3076 906 3136 uiris
919 3095 967 3137 res
981 3079 1055 3138 est.'’
1097 3079 1145 3140 Iu·

125 3181 271 3250 tuensque
288 3169 418 3246 Gonnum,
434 3173 450 3204 “
463 3169 541 3232 Orlm
554 3173 633 3254 ege,”
656 3172 760 3251 iuquit,
782 3175 800 3208 ‘¹
810 3171 977 3252 Ptolemaeo,
992 3174 1146 3235 Perdieoa·

125 3287 195 3346 que,
224 3274 254 3326 et
281 3267 492 3346 Hephaestioue
519 3268 682 3344 eomitatus,
709 3268 740 3328 in
766 3268 872 3331 laevum
899 3271 1028 3330 hostiurn
1054 3289 1145 3330 eornu

126 3364 272 3442 impetum
292 3364 398 3440 fenero,
420 3363 587 3458 viderisque
606 3383 652 3424 me
674 3365 705 3424 in
725 3365 822 3426 medio
844 3367 948 3427 ardore
968 3366 1144 3440 oertaminis,

125 3460 192 3538 ipae
205 3459 361 3520 ‘dextrum
373 3477 466 3538 more,
480 3467 511 3519 et
532 3461 659 3522 turbatis
672 3461 756 3540 signa
774 3463 857 3524 infer.
901 3463 956 3537 Tu,
972 3461 1144 3538 Antigenes,

125 3562 162 3614 et
184 3562 218 3617 tu
239 3555 378 3632 Laenate,
401 3564 431 3616 et
453 3556 580 3633 Tauron,
600 3557 777 3618 invehemini
796 3560 827 3618 in
847 3558 973 3618 mediam
993 3555 1092 3628 aoiem,
1114 3562 1145 3612 et

124 3651 273 3729 urgebitis
292 3652 425 3712 frontem.
468 3653 573 3714 Hastae
592 3661 701 3714 nostrae
719 3654 876 3733 praelongae
896 3659 927 3710 et
945 3649 1051 3709 validae
1066 3650 1144 3708 ⁷nou

124 3746 205 3806 aliis
224 3749 316 3826 magis
339 3750 428 3828 quem
452 3749 591 3810 adversus
610 3752 732 3825 belluas,
752 3757 936 3826 raetoresque
957 3763 1056 3804 earum
1076 3747 1144 3807 usui

124 3863 194 3904 esse
213 3851 361 3924 poterunt.
403 3845 566 3908 Deturbate
580 3867 637 3922 eos,
657 3847 709 3926 qui
731 3844 885 3916 vehuntur,
907 3849 938 3902 et
958 3840 1058 3920 'ipsas
1076 3859 1142 3902 oon·
