2600 4394
535 363 674 438 durari
703 381 844 440 busun

555 729 723 790 LIBER
756 728 831 789 IV.

605 933 779 970 mmmm

224 1063 242 1105 1.
256 1062 383 1112 alaxander,
397 1062 473 1102 litteris
486 1073 499 1102 a
511 1061 577 1101 Dario
590 1061 679 1112 superbe
693 1061 781 1111 seriptis,
798 1060 855 1112 regib
868 1059 986 1110 respondet
1021 1058 1202 1109 Abdalonymum

187 1128 280 1170 sidoniis
293 1129 374 1180 Regem
394 1128 485 1179 prandi
517 1127 622 1177 Amyntae
637 1127 749 1177 umaiuga,
764 1128 817 1166 mire
836 1125 899 1166 mode
913 1136 927 1166 a
939 1123 1010 1166 Pam
1022 1124 1073 1175 ipsis
1088 1125 1202 1166 oeddiaur.

186 1193 258 1236 viria
266 1195 329 1236 variis
336 1193 388 1235 loeis
395 1193 541 1244 praestosum
549 1192 609 1232 Darii
617 1191 691 1233 aledea

223 1261 242 1301 t.
255 1260 321 1312 Tyrii,
329 1259 474 1300 Alexandrum
483 1259 574 1310 recipere
582 1259 706 1306 recusantes,
716 1255 841 1298 obsidentur.

223 1325 241 1367 A
254 1325 331 1367 Dubiis
339 1324 390 1366 belli
398 1324 509 1366 eventibus
516 1323 569 1375 'I'yri
577 1323 657 1364 obsidio
665 1322 790 1364 nobilitatur.

222 1392 243 1432 4.
255 1391 352 1434 Pandam
359 1391 429 1444 Tyrus
436 1391 459 1434 si
467 1393 533 1444 napis,
541 1389 677 1442 maximique
685 1389 797 1430 hominnm
805 1389 874 1438 suase
881 1387 984 1438 cormpia
990 1386 1087 1428 luetuoso
1095 1387 1201 1431 dsiorma·

186 1459 221 1499 tur
228 1457 333 1500 ineendlo.

222 1525 240 1564 b
254 1523 314 1563 Darii
327 1523 401 1563 iterata
409 1523 436 1562 de
451 1531 502 1573 paea
515 1521 541 1562 ad
554 1519 701 1560 Alexandrum
713 1519 836 1559 submissior
847 1517 933 1568 legatio:
946 1517 988 1568 qut
999 1517 1115 1568 repudiatd,
1128 1517 1199 1559 ΘΜ]

186 1588 331 1629 Alexndrum
339 1589 416 1628 ebrona
423 1588 488 1628 aures
495 1587 584 1628 donant:
596 1586 633 1626 ille
641 1588 712 1626 autem
720 1595 758 1636 par
764 1584 872 1636 prelatas
884 1584 961 1624 multas
967 1585 990 1624 in
1002 1587 1128 1636 potestatem
1135 1594 1200 1626 mam

185 1653 262 1704 redigit
270 1653 394 1704 provincias.
1282 1671 1284 1706 i

223 1717 241 1757 t.
254 1715 291 1756 Ad
297 1715 377 1757 beilum
386 1716 437 1755 dnm
446 1725 469 1755 ae
477 1715 567 1766 accingit
574 1713 656 1764 Darius,
665 1714 784 1755 Alexander
793 1714 872 1756 (laram
884 1715 1005 1766 expugnat:
1018 1713 1104 1766 eiusque
1112 1715 1200 1767 preesse·
1282 1735 1284 1748 ι

186 1783 235 1822 tum
242 1781 314 1822 Betim
323 1781 402 1822 uudeii
409 1781 474 1822 adluit
481 1781 591 1831 supplicio.

223 1847 242 1888 i.
255 1846 367 1896 Proieetla
376 1849 399 1886 et
406 1848 464 1888 varia
469 1846 585 1888 Alexandri
594 1847 681 1896 quana
688 1846 714 1886 ad
723 1845 785 1888 doris
793 1846 919 1886 Hammonis
925 1845 1039 1886 omnium.

224 1913 242 1954 d
256 1912 283 1953 Iu
292 1911 386 1963 aegypto
394 1911 522 1953 Alexandria
529 1912 624 1961 eendlta3
637 1913 741 1961 variaque
751 1911 863 1952 Alexandri
871 1911 951 1952 bellica
960 1911 1109 1962 expeditiones

223 1978 242 2020 9.
253 1977 332 2018 Darius
338 1977 366 2017 ad
377 1977 465 2018 Arbeiaa
471 1977 574 2028 persenit,
583 1987 649 2028 eoque
657 1977 725 2017 invito
733 1976 853 2017 Alexander
859 1976 940 2027 Tigrim
948 1979 1037 2027 superat

223 2043 254 2084 10.
267 2042 352 2092 Militea
361 2043 388 2084 ob
400 2042 467 2083 Luna
479 2042 582 2084 deiectum
596 2041 696 2091 turbatas,
708 2051 746 2092 per
753 2041 866 2092 Aigyptioa
873 2044 932 2082 vates
944 2041 1053 2083 eonflrmat
1064 2041 1199 2086 Alexander:
1284 2039 1285 2052 ¹

187 2107 263 2150 Persas
271 2110 385 2150 vasuteres
393 2107 477 2159 cordidit
490 2109 512 2149 in
524 2107 601 2158 fugam
626 2107 685 2147 Dedi
699 2117 753 2146 uxor
765 2107 853 2157 captiva,
865 2117 954 2146 moerore
962 2105 1060 2156 eonieeia
1073 2117 1199 2158 supremum

189 2175 246 2216 dem
255 2174 339 2224 alaudil,
347 2173 405 2215 unde
413 2173 528 2214 Alexandri
537 2173 641 2224 lacryma,
648 2172 708 2213 Darii
717 2172 848 2222 suspicionea
858 2171 932 2220 luetur,
941 2173 963 2212 at
970 2173 1025 2213 vola

223 2240 254 2282 11.
268 2240 346 2282 Panem
354 2239 416 2281 testib
425 2239 533 2290 quaesitam
541 2239 618 2280 Darius
626 2249 669 2280 uon
677 2239 786 2290 impetrat:
798 2236 843 2277 imd
855 2237 881 2277 sd
889 2237 1023 2288 deditionem,
1032 2239 1069 2278 aut
1077 2237 1199 2291 adbalium,

187 2307 215 2350 ab
223 2307 345 2350 Alexandro
352 2309 481 2357 provocatur.

223 2374 254 2415 12
268 2374 302 2414 Ad
314 2371 411 2423 pralium
420 2373 472 2412 dnm
481 2371 592 2411 Persarum
600 2371 675 2420 ingena
679 2370 784 2410 exereitus
789 2369 879 2420 pnetur,
888 2367 1013 2409 Maesdouea
1020 2369 1096 2420 panieo
1104 2370 1198 2421 quodam
1285 2421 1286 2434 χ

187 2438 280 2479 defuncti
289 2440 374 2484 tenore,
382 2447 441 2475 arm
448 2435 543 2475 alaeriiar
551 2437 667 2485 eapeasuni.

224 2501 255 2542 1&
268 2500 360 2542 (lousiila
367 2500 394 2539 de
406 2502 509 2539 nocturno
517 2499 589 2548 praeiio
601 2498 747 2538 Parmenionis
755 2501 777 2540 et
788 2497 957 2550 Polyapereontis
965 2499 1086 2541 Alexander
1097 2501 1197 2543 damnat:

187 2575 303 2615 somnoque
311 2563 405 2611 reiectua
413 2563 508 2603 interrita
517 2563 578 2603 vultu
586 2573 634 2602 suoa
642 2563 669 2602 sd
676 2573 768 2614 pugnam
776 2565 875 2606 aeeeudlt

224 2631 256 2672 14.
270 2628 387 2670 Alexandri
399 2629 426 2668 ad
443 2627 571 2677 draconum,
584 2627 685 2678 Dariique
697 2629 724 2670 ad
736 2628 846 2670 Persarum
859 2631 972 2680 exereitus,
985 2631 1034 2672 aute
1046 2595 1138 2682 pugnam
1150 2641 1199 2674 ura·

188 2697 262 2804 110³}
268 2761 356 2803 &uenti
368 2760 395 2802 ad
409 2757 488 2800 Arbela
500 2758 567 2810 prelii
581 2759 698 2809 deauiptia
729 2759 803 2801 Viator
814 2759 939 2810 Alexander,
952 2760 1042 2802 Darium
1056 2763 1138 2803 vietum
1149 2773 1199 2814 per·

187 2829 381 2934 mdidssarmenie
397 2893 421 2933 in
437 2891 557 2932 discrimine
573 2891 703 2940 eumuna
720 2890 864 2932 Alexandrum
880 2891 973 2932 retrahit
1003 2891 1098 2932 Tandem
1114 2893 1198 2944 integre

187 2957 275 2998 viatoria
283 2957 345 3007 potiti
353 2955 484 3007 ldaesdonea,
493 2956 585 3007 reliquos
595 2954 674 3004 Persas,
683 2955 757 2996 multia
765 2965 851 2996 suerum
863 2955 956 2998 miiiibua
964 2957 1089 3008 desideratis,
1098 2958 1147 3010 iuga
1155 2959 1197 3001 aibr

188 3032 280 3074 quarere
288 3021 378 3063 alutem
386 3025 469 3072 angunt

249 3165 275 3224 Ι.
302 3169 324 3224 1.
347 3165 464 3226 Damus
478 3168 554 3226 tanti
567 3168 652 3228 modd
667 3167 814 3228 exereitde
835 3167 911 3242 Rex,
925 3169 976 3248 qui
990 3168 1197 3246 triumphantia

189 3260 291 3340 magis,
305 3261 394 3340 qudm
409 3261 574 3321 dimicantis
587 3282 675 3337 more,
690 3282 777 3322 eurru
791 3261 923 3322 sublimis
934 3263 1039 3322 inierat
1052 3264 1196 3342 praelium,

188 3355 333 3434 periens,
356 3375 421 3434 quae
442 3357 532 3434 propd
555 3356 702 3416 immensis
727 3357 888 3435 agminibus
910 3358 1113 3436 compleverat,
1133 3360 1197 3434 jam

190 3449 295 3525 inania
311 3455 342 3510 et
361 3449 472 3529 ingenti
494 3449 650 3508 solitudine
664 3459 756 3526 vasta,
772 3451 927 3528 ¹fugiebat.
969 3451 1061 3512 Pauei
1083 3452 1198 3530 Regem

190 3544 391 3622 sequebantur.
434 3543 510 3602 Nam
531 3564 585 3602 nee
599 3545 700 3604 eddam
721 3565 820 3604 omnes
840 3547 938 3624 fugam
960 3547 1151 3621 intenderant,
1165 3555 1198 3604 et

191 3633 389 3700 definientibus
412 3639 503 3718 equis,
517 3658 632 3698 aureum
645 3639 771 3717 ¹enrnm,
784 3659 856 3718 quoa
871 3641 938 3699 Rex
960 3641 1081 3701 subinde
1104 3647 1198 3698 muta-
1257 3695 1262 3702 .

189 3729 248 3806 bat,
261 3751 375 3810 aequare
388 3754 446 3793 uon
460 3741 602 3812 poterant.
644 3734 761 3794 Unehaa
778 3734 882 3792 deinde
895 3735 1037 3812 pervenit,
1051 3735 1102 3795 ubi
1116 3753 1198 3793 exee-

189 3827 257 3902 pdre
272 3845 336 3884 eum
347 3826 514 3888 Graeeorum
527 3836 650 3909 quatuor
658 3828 759 3905 millia,
769 3847 834 3886 eum
847 3829 953 3907 quibus
967 3829 1004 3888 ad
1016 3829 1199 3908 Euphratem
