2520 4390
196 357 237 418 ta
542 371 687 418 oursru
711 369 854 412 ouuru

194 517 275 572 eetos
301 511 370 590 ergd
398 509 498 587 spoliis
529 507 637 570 uostris
664 508 890 570 truoidabimus:
923 509 1080 588 eademque
1105 529 1157 571 res
1182 519 1210 572 et

195 623 282 664 eausa
295 604 425 664 vietoriae
438 604 503 680 erit,
518 611 548 664 et
568 603 689 662 fruetus.
732 601 818 673 Qudd
837 603 863 663 si
881 604 1094 682 quemevobis
1106 625 1208 666 nomen

191 699 287 780 gentis
299 707 402 774 movet,
417 700 525 779 cogitet
540 698 730 758 Maoedonum
747 699 810 758 illio
832 718 911 759 arma
921 717 994 773 esse,
1007 717 1067 758 non
1080 719 1205 778 oorpora
1249 737 1250 744 κ

192 793 321 853 Multum
335 796 411 854 enim
423 793 572 873 sanguinis
594 793 716 852 iuvioem
735 792 891 868 hausimus,
905 800 936 851 et
956 813 1069 872 semper
1092 796 1207 872 gravior

191 885 221 946 in
247 890 393 967 peuoitate
417 891 532 966 jactura
558 894 610 946 est.
663 887 739 946 Nam
766 887 934 946 Alexander
959 894 1206 967 quentnsoumque
1250 917 1251 928 κ

189 983 303 1062 ignavis
317 991 348 1043 et
360 983 471 1042 timidis
491 983 584 1042 rideri
603 989 708 1060 potest,
723 999 813 1040 unum
829 982 848 1012 ¹⁴
855 982 963 1040 animal
982 990 1036 1057 est,
1051 988 1084 1040 et
1096 983 1123 1042 si
1138 984 1205 1062 quid

189 1076 262 1135 mihi
288 1077 416 1152 creditis,
444 1076 628 1136 temerarium
655 1083 693 1135 et'
711 1095 819 1151 veoors,
847 1075 942 1135 adhue
966 1082 1066 1136 nostro
1091 1097 1205 1154 pavore,

188 1173 276 1248 quem
302 1175 357 1232 sut
383 1171 502 1247 virtute,
529 1171 652 1234 felicius.
703 1169 788 1230 Nihil
809 1177 906 1232 sutem
932 1176 1119 1247 potestesse
1148 1171 1205 1230 diu·

188 1271 313 1342 turnum,
329 1267 347 1296 ¹⁶
360 1266 406 1326 oui
420 1286 479 1325 non
492 1266 592 1326 subest
604 1261 688 1324 ratio.
730 1263 816 1324 Licet
828 1264 954 1324 felioitas
968 1263 1099 1342 aspirare
1110 1265 1204 1324 videe-

188 1365 246 1435 tur,
270 1361 393 1420 '‘tsmen
420 1361 458 1420 ed
483 1361 618 1420 ultimum
641 1358 798 1418 temeritati
821 1377 879 1418 nou
901 1358 1012 1418 suffieit
1054 1358 1204 1418 Praetered

187 1455 289 1516 breves
316 1464 346 1515 et
367 1457 521 1516 mutabiles
545 1455 622 1516 viees
645 1471 742 1512 rerum
764 1460 843 1528 sunt,
866 1459 898 1512 et
918 1453 1035 1512 fortune
1053 1459 1203 1532 nunqudm

188 1549 207 1578 ¹¹
215 1549 384 1627 simpliciter
397 1550 534 1627 indulget
576 1548 712 1606 Forsitan
733 1549 777 1606 ite
796 1547 848 1606 Dii
866 1547 928 1606 fata
938 1547 1160 1623 ordinaverunt,
1173 1555 1203 1608 ut
1252 1552 1253 1590 3

188 1641 344 1700 Persarum
357 1643 510 1720 imperium
534 1641 612 1721 quod
633 1642 758 1700 seeundo
771 1661 858 1702 eursu
876 1661 929 1720 per
942 1659 1041 1702 eom
1056 1661 1150 1702 annos
1168 1643 1202 1702 sd

187 1753 332 1794 summum
345 1736 495 1814 fastigium
508 1741 670 1809 evexerunt,
683 1753 787 1814 magno
806 1742 889 1796 motu
901 1742 1086 1796 eoneutereut
1099 1737 1200 1813 magis,

186 1830 275 1908 quim
301 1830 468 1908 affligerent,
496 1829 737 1907 admonerentque
769 1848 823 1890 nos
856 1829 1025 1909 fragilitatis
1057 1829 1199 1906 humens,

186 1925 269 2000 eujus
292 1923 383 1982 nimia
406 1923 438 1982 in
459 1923 603 2001 prosperis
626 1923 713 1984 rebus
735 1923 843 1985 oblivio
863 1930 914 1984 est
933 1973 935 1980 .
957 1923 976 1952 ¹⁸
983 1922 1073 1982 Medd
1088 1923 1199 1986 Graeois

185 2018 265 2080 nltrd
288 2018 396 2078 bellum
420 2019 629 2079 inferebamus:
657 2037 732 2078 nuno
755 2019 786 2078 in
809 2018 928 2078 sedibus
950 2019 1058 2078 uostris
1083 2020 1200 2096 propul-

186 2131 282 2174 semus
295 2114 419 2174 illatum.
461 2114 615 2175 Juotomur
636 2114 758 2174 invicem
771 2114 914 2174 verietate
935 2114 1065 2177 fortunae.
1110 2115 1197 2176 Vide

184 2208 253 2270 lieet
276 2209 429 2288 imperium
442 2209 520 2289 quod
542 2211 643 2270 mutuo
664 2208 838 2284 sffeotamus,
858 2227 916 2268 una
938 2227 1010 2288 gens
1030 2227 1088 2268 non
1111 2209 1197 2287 oepit

186 2302 338 2381 Caeterum,
352 2305 467 2366 etiamsi
490 2324 556 2383 spes
578 2323 635 2364 non
656 2303 796 2378 subesset,
809 2302 965 2362 neoessites
978 2309 1078 2362 tomen
1097 2303 1198 2364 stimu-
1254 2309 1255 2328 ¹

183 2397 245 2458 lure
267 2400 391 2460 deberet.
434 2399 484 2458 Ad
507 2407 636 2458 extrema
658 2405 829 2475 perventum
851 2405 903 2458 est.
944 2397 1073 2459 Matrem
1092 2417 1197 2472 meam,

184 2491 257 2550 duas
282 2493 365 2566 filies,
393 2493 508 2553 Oohum
534 2493 565 2552 iu
593 2511 672 2570 spem
698 2493 787 2570 hujus
810 2491 927 2570 imperii
946 2491 1086 2572 genitum,
1112 2492 1198 2552 illam

184 2585 310 2646 sobolem
331 2586 419 2665 regiae
441 2587 550 2664 stirpis,
572 2587 640 2646 illos
661 2587 812 2666 principue,
838 2589 924 2648 duoes
945 2594 1059 2648 resim
1080 2586 1198 2666 Regum

182 2679 284 2758 instar,
298 2682 410 2742 vinetus
423 2681 526 2742 habet:
548 2682 631 2742 ¹'nisi
643 2682 721 2762 quod
733 2682 765 2742 in
777 2683 859 2744 vobis
874 2691 927 2758 est,
941 2683 1003 2760 ipse
1019 2701 1073 2762 ago
1086 2686 1198 2760 majore

182 2783 264 2853 perte
286 2777 343 2837 mei
366 2776 499 2856 oaptivus
518 2795 589 2837 sunu
632 2776 746 2854 Eripite
766 2777 786 2806 ²⁰
799 2778 909 2838 viseere
927 2796 991 2836 mea
1009 2795 1047 2840 ex
1060 2777 1198 2846 vinculis,

181 2872 330 2932 restituite
343 2872 415 2932 mihi
436 2872 566 2952 pignora,
585 2892 640 2950 pro
651 2872 758 2952 quibus
777 2872 839 2950 ipse
858 2872 934 2936 mori
952 2891 1012 2932 non
1023 2890 1137 2947 recuso,
1150 2891 1198 2950 pa·

181 2973 301 3042 rentem,
316 2968 431 3043 liberos,
445 2989 511 3028 nem
525 2971 677 3048 conjugem
695 2968 726 3028 in
746 2967 799 3026 illo
810 2985 925 3028 saroam
937 2967 1029 3028 amisi.
1073 2966 1198 3030 Credite

181 3078 256 3118 nuno
283 3079 378 3121 omnes
405 3062 600 3124 hostendere
627 3061 665 3122 ad
688 3079 739 3121 vos
761 3079 872 3138 manus,
900 3061 1056 3140 implorare
1082 3063 1198 3139 patrios

181 3153 273 3230 Deos3
296 3173 378 3232 opem
390 3163 527 3232 vestram,
547 3155 782 3232 miseridordiem,
795 3156 881 3216 fidem
900 3173 1061 3234 expoeoere‚
1082 3162 1118 3214 ut
1139 3175 1198 3216 ser·

180 3246 284 3321 vitute,
297 3254 332 3306 ut
347 3249 538 3326 oompedibus,
551 3257 587 3309 nt
599 3251 619 3280 ²¹
628 3248 757 3328 prosario
770 3249 851 3310 viotn
863 3248 941 3327 ipsos
961 3247 1100 3310 liberetis.
1144 3249 1198 3308 An

181 3341 300 3402 oreditis
312 3359 394 3419 aequo
408 3343 503 3428 animo
516 3343 554 3402 iis
568 3344 684 3419 servire,
697 3363 819 3422 quorum
828 3343 926 3422 Reges
938 3361 1001 3402 esse
1013 3341 1199 3402 fastidiunt?

181 3437 276 3498 Video
300 3435 447 3496 admoveri
470 3436 598 3498 hostium
617 3437 727 3499 aoiem:
748 3437 799 3498 sed
820 3439 877 3516 quo
897 3437 1015 3516 propiis
1038 3435 1199 3496 disorimen

181 3533 294 3609 eooedo,
308 3532 362 3593 hoe
375 3532 470 3590 minis
483 3530 538 3607 his,
551 3549 617 3610 quae
630 3531 699 3608 dixi,
713 3551 828 3610 possum
841 3549 903 3594 esse
916 3536 1073 3592 eontentus
1097 3530 1116 3558 ²²
1124 3529 1198 3604 Per,

181 3645 234 3707 ego
244 3648 303 3706 ros,
317 3627 395 3690 Deos
408 3627 528 3706 patrios,
542 3633 737 3707 aeternumque
750 3627 855 3710 ignem,
868 3626 921 3706 qui
932 3624 1199 3704 preferturoleari-

180 3726 233 3787 bus
241 3728 440 3808 fulgoremque
454 3727 525 3790 sotis
534 3727 613 3788 intre
624 3726 781 3808 fiuesregni
789 3724 846 3784 mei
857 3723 985 3799 orientis,
993 3741 1045 3802 per
1054 3728 1200 3784 aeternnm

180 3823 348 3884 memoriam
370 3823 450 3904 Gyri,
471 3823 524 3904 qui
547 3822 712 3904 ademptum
740 3819 839 3880 Medis
864 3817 1012 3898 Lydisque
1038 3816 1199 3896 imperium
