2622 4382
439 359 562 404 ursan
590 361 644 404 rx.
677 363 762 406 car.
783 363 822 406 v.
1077 305 1160 406 Μ.

127 505 158 558 at
170 497 329 577 impeditos
339 507 561 578 occupaverunt.
604 499 735 574 Quorum
755 521 860 582 agmen
871 501 939 566 Rex
951 502 1063 562 frmtrt
1076 521 1137 581 per

127 601 256 670 mutua,
269 595 477 673 impedimenta
489 596 575 674 cepit

193 683 235 748 14.
259 689 436 751 Perventum
457 691 562 750 deindd
583 697 630 750 est
648 691 687 750 ad
705 691 844 769 oppidum
866 690 1092 768 Oxydraoarum‚
1106 691 1137 752 iu

126 783 206 862 quod
232 782 363 864 plerique
382 785 580 863 confugerant,
606 785 713 846 ¹⁹haud
738 789 848 864 majore
871 786 978 844 fiducit
1001 787 1137 848 moenium

127 880 217 957 quam
237 899 388 940 armornm.
431 881 530 940 l’Jam
552 881 725 942 admovebat
748 881 824 956 Rex,
838 884 998 941 ctmvatea
1021 901 1137 942 monere

127 975 313 1052 concepit,
326 995 363 1034 ne
387 976 588 1050 committeret,
610 984 662 1034 cut
683 979 763 1036 certe
788 977 917 1036 differret
940 976 1139 1039 obsidionem:

125 1069 196 1131 vitae
209 1073 273 1148 ejus
286 1071 449 1149 periculum
470 1073 592 1132 ostendi.
635 1071 703 1131 Rex
722 1072 943 1150 ‚Demophoonta
958 1073 995 1148 (ia
1015 1090 1139 1152 namque

125 1172 208 1226 vates
220 1169 298 1245 erat)
311 1166 437 1240 intuens,
459 1166 519 1226 “Si
536 1167 627 1246 quis,'’
642 1167 745 1245 inquit,
759 1168 776 1200 “
786 1174 826 1241 te,
840 1167 899 1226 arti
912 1174 972 1226 tum
985 1167 1139 1242 intentum,

126 1267 156 1320 at
168 1267 238 1320 exta
258 1267 445 1338 spectantem,
460 1261 502 1320 sic
521 1259 697 1337 interpellet,
711 1279 770 1320 non
793 1261 926 1320 dubitem
944 1261 1016 1340 quin
1034 1261 1139 1322 incom-

124 1355 230 1416 modus
244 1373 278 1414 ac
291 1355 431 1414 molestus
443 1355 538 1416 videri
550 1355 607 1414 tibi
619 1355 741 1432 possit.”
783 1355 826 1414 Et
848 1358 913 1414 cum
933 1350 985 1414 ille
1005 1355 1049 1414 ita
1060 1375 1140 1433 pror·

127 1467 178 1510 sus
191 1449 321 1510 futurum
335 1449 539 1526 respondisset,
561 1453 577 1483 “
591 1446 758 1524 Censesne,”
795 1449 899 1529 iuquit,
915 1451 931 1482 “
941 1449 1064 1508 ²⁰tantas
1083 1467 1140 1524 res,

127 1563 187 1604 non
210 1543 354 1623 pecudum
374 1544 470 1620 fibras,
485 1539 551 1604 ante
576 1544 674 1604 oculos
696 1543 823 1618 habenti,
844 1544 938 1604 ullum
961 1563 1023 1604 esse
1045 1545 1141 1621 majus

128 1638 378 1715 impedimentum,
399 1640 487 1716 quam
509 1646 606 1700 vatem
630 1639 835 1717 superstitione
859 1639 1025 1717 ceptum?’'
1076 1638 1141 1700 Nec

129 1733 244 1793 diutius
271 1735 358 1812 qudm
391 1734 542 1812 respondit
575 1742 713 1810 moratus,
741 1734 889 1810 admoveri
919 1735 1004 1812 jubet
1037 1733 1140 1812 scalas,

129 1828 150 1856 ²¹
162 1828 422 1908 cunctantibusque
443 1831 566 1904 caeteris,
581 1830 679 1890 evadit
693 1830 724 1888 in
743 1849 866 1890 murum.
909 1831 1046 1910 Angusta
1063 1829 1141 1890 muri

128 1941 235 1982 corona
257 1931 326 1982 erat.
374 1925 395 1953 ²²
407 1925 436 1984 N
439 1945 476 1984 on
497 1925 601 2002 pinnae,
625 1925 701 1984 sieut
722 1926 802 2000 alibi,
824 1925 974 2002 fastigium
997 1929 1061 2004 ejus
1085 1925 1141 1984 dis·

128 2018 287 2092 tinxerant,
302 2020 353 2078 aed
379 2028 522 2098 perpetua
548 2021 639 2098 lorica
663 2020 789 2081 obducta
816 2019 975 2080 transitum
1002 2027 1139 2099 sepserat.

130 2113 238 2192 Itaque
252 2113 320 2172 Rex
333 2115 463 2176 haerebat
476 2117 568 2192 magis
581 2117 671 2194 quam
691 2116 789 2176 stabat
808 2117 840 2174 in
860 2115 881 2144 '⁸
890 2116 1026 2194 margine,
1040 2116 1142 2192 clypco

129 2207 260 2286 undique
274 2208 431 2268 incidentia
444 2210 505 2268 tela
518 2211 698 2287 propulsans.
741 2210 819 2270 Nam
833 2209 964 2288 undique
978 2210 1092 2268 eminus
1106 2227 1143 2268 ex

128 2303 261 2362 turribus
273 2303 436 2381 petebatur.
479 2305 508 2364 N
510 2324 543 2363 ec
557 2304 655 2365 subire
664 2303 775 2364 milites
784 2311 928 2382 poterant,
939 2305 1009 2384 quia
1019 2305 1143 2382 superne

129 2398 162 2457 vi
189 2398 316 2458 telorum
343 2399 547 2459 obruebantur.
604 2399 736 2458 Tandem
763 2399 995 2478 magnitudinem
1022 2387 1144 2478 periculi

129 2492 226 2570 pudor
239 2493 327 2554 vicit:
347 2494 452 2572 qnippe
467 2494 623 2556 cernebant
641 2493 826 2554 cunctatione
846 2497 901 2554 sut
921 2493 991 2554 dedi
1010 2494 1143 2568 hostibus

130 2587 252 2668 Regem.
297 2589 355 2648 Sed
369 2589 532 2649 festinando
546 2589 734 2650 morabantur
747 2589 866 2648 auxilia.
909 2589 939 2648 N
941 2610 987 2648 am
1008 2589 1077 2648 dum
1090 2607 1143 2666 pro

129 2683 297 2764 aequisque
311 2692 406 2744 certat
419 2685 548 2760 evadere,
562 2689 718 2745 onerautre
740 2684 850 2744 scalas:
871 2683 892 2712 ²⁴
902 2684 985 2762 queis
1005 2703 1064 2742 uon
1085 2684 1143 2742 suf·

128 2779 303 2854 ficientibns,
325 2780 464 2856 devoluti,
478 2780 594 2840 unicam
613 2800 693 2858 spem
714 2780 807 2858 Regis
819 2779 996 2838 fefellerunt.
1039 2777 1145 2838 Stabat

127 2873 210 2932 enim
227 2873 258 2930 in
281 2882 437 2951 conspectu
455 2875 531 2934 tanti
551 2875 709 2953 exercitus,
724 2875 807 2934 velut
828 2874 859 2932 in
879 2872 1037 2932 solitudine
1058 2871 1144 2932 desti·

131 2973 222 3026 tutus.
558 3009 560 3014 .
1143 2971 1146 2980 '

192 3058 230 3121 V.
256 3064 300 3122 15.
322 3061 447 3142 Jamque
467 3062 578 3138 laevam,
591 3067 650 3142 qut
663 3061 795 3140 clypeum
818 3061 856 3121 ad
875 3061 954 3122 ictus
966 3061 1144 3124 oicumfere-

130 3157 191 3232 bat,
205 3156 374 3234 lassaverat,
388 3157 580 3218 clamantibus
603 3157 711 3233 amicis,
724 3164 757 3216 ut
777 3156 815 3216 ad
837 3157 915 3236 ipsos
935 3156 1073 3235 desiliret,
1086 3165 1144 3218 sta·

129 3253 256 3331 bantque
269 3252 435 3332 excepturi:
456 3257 521 3312 cum
533 3253 585 3312 illc
598 3272 659 3312 rem
682 3271 767 3312 ausus
780 3259 825 3312 est
847 3253 1046 3315 incredibilem
1058 3260 1144 3332 atque

130 3347 298 3424 inauditam,
327 3349 491 3428 ¹multdquc
523 3347 616 3428 magia
642 3347 680 3408 ed
712 3349 817 3408 famam
850 3349 1023 3408 temeritatis
1055 3348 1143 3426 qutm

130 3441 232 3520 gloriae
255 3443 404 3523 insignem.
455 3443 590 3523 Namque
612 3445 643 3504 in
663 3443 764 3506 urbem
786 3443 916 3504 bostium
936 3443 1052 3520 plenam
1073 3459 1142 3517 prae·

130 3537 213 3615 cipiti
226 3537 305 3598 saltu
326 3547 416 3600 semet
436 3539 500 3618 ipse
522 3539 652 3616 immisit,
665 3541 733 3600 cdm
745 3539 796 3600 vix
809 3556 926 3618 sperare
938 3540 1045 3614 posset,
1061 3533 1140 3592 dimi·

130 3639 243 3692 mutem
266 3635 344 3694 certe
358 3641 389 3694 et
408 3654 469 3694 non·
484 3635 612 3696 inultum
634 3653 696 3696 ease
714 3633 894 3694 moriturum.
937 3628 1051 3706 Quippe
1064 3635 1144 3688 ente·

129 3729 221 3806 quim-
241 3737 413 3808 aeeurgeret,
437 3731 560 3809 opprimi
582 3736 706 3810 poterat,
730 3736 760 3788 et
782 3726 846 3804 capi
869 3725 973 3786 uvas:
995 3723 1047 3782 sed
1066 3724 1143 3784 forte

130 3823 174 3882 ita
186 3824 343 3886 libraverat
356 3843 468 3904 eorpus,
482 3827 534 3886 'ut
555 3845 587 3885 se
609 3825 731 3902 pedibus
751 3821 902 3898 exciperet.
944 3820 1049 3899 Itaque
1063 3827 1143 3880 stans
