2520 4390
241 357 298 418 100
588 372 728 424 ousuns
754 371 896 414 annuis

233 511 306 574 inis.
361 511 394 576 si
415 511 464 574 bio
484 511 626 586 'animus
648 511 675 570 si
696 509 760 572 haro
780 508 928 586 lemuulli
950 529 1012 570 non
1032 503 1197 586 pastalibests

234 617 296 672 est:
327 628 409 670 nemo
443 607 564 670 erotis
600 607 752 668 fastidium
788 606 994 680 Macedonum,
1022 622 1101 662 neno
1130 599 1198 658 volun

233 705 390 784 superbum
403 705 480 764 lene
494 710 617 784 cogetur.
681 703 741 764 Sne
754 703 856 782 suique
870 702 978 762 dextra
992 707 1045 760 aut
1057 697 1168 756 ultiouen
1176 698 1199 746 tt

232 801 374 862 malorum
387 801 490 880 pariet,
504 805 555 860 aut
568 800 659 858 finem
702 797 849 877 Equidem
867 799 958 878 quim
973 793 1114 856 versatilis
1129 790 1199 848 frou

232 896 282 972 sit,
295 897 498 956 documentum
522 894 583 974 ipse
603 913 676 954 sum.
738 891 830 952 10Nee
852 892 1004 952 immerito
1025 889 1143 948 mitiores
1157 881 1199 940 utu

232 995 297 1070 ejus
308 998 451 1070 exspecto.
506 989 565 1052 Sed
578 989 605 1048 si
615 991 697 1066 justa
710 1007 743 1048 ae
756 988 807 1067 pia
819 988 897 1048 bella
910 987 965 1048 Dii
979 989 1144 1054 aversantur,
1153 973 1199 1035 fori

233 1087 287 1150 bus
299 1095 396 1146 umen
409 1085 481 1146 viris
493 1084 592 1146 lieebit
604 1084 725 1144 honeste
739 1085 821 1144 mori.
863 1083 923 1142 Per
944 1101 1001 1164 ego
1015 1099 1068 1142 vos
1080 1078 1199 1138 deuoran-

229 1184 336 1261 josum,
350 1180 401 1260 qui
414 1179 505 1240 totius
521 1178 653 1240 Orientis
666 1197 755 1258 regua
768 1198 833 1238 eum
851 1176 1041 1238 memorabili
1052 1173 1128 1233 laude
1142 1175 1199 1224 uros

231 1285 317 1354 runt3
339 1296 391 1356 per
403 1276 471 1336 illos
483 1276 570 1350 viros,
584 1275 690 1354 quibus
714 1274 891 1352 stipendium
914 1272 1088 1336 Macedonia
1106 1259 1199 1345 quondan

233 1374 319 1452 tulit;
341 1393 393 1452 per
406 1379 452 1432 tot
463 1372 581 1434 navium
593 1371 708 1445 elnases,
722 1370 753 1428 in
766 1368 910 1430 Graeeiam
924 1371 1050 1444 missas3
1069 1383 1116 1442 per
1128 1363 1198 1417 totle>

230 1491 294 1550 paea
316 1470 440 1549 Regum,
453 1488 504 1528 oro
525 1473 556 1527 et
577 1467 715 1541 obtestor,
738 1473 773 1524 ut
799 1466 953 1528 nobilitate
975 1467 1076 1527 verua
1099 1453 1199 1537 gentique

231 1566 333 1644 dignos
346 1566 466 1642 spiritus
488 1562 617 1640 capiatis,
630 1569 666 1621 nt
687 1561 792 1622 eidem
814 1563 981 1622 seruantia
1002 1559 1154 1622 animorum,
1167 1543 1198 1620 qut

229 1658 379 1736 praeterita
392 1657 550 1731 tolerastis,
564 1655 755 1734 experiamini
767 1655 909 1736 quidquid
932 1656 1041 1716 deinde
1063 1667 1120 1712 sors
1131 1636 1198 1702 tulerit

231 1752 280 1814 Me
294 1753 371 1810 uerte
392 1752 424 1810 in
446 1759 626 1829 perpetuum,
646 1758 698 1810 aut
718 1752 842 1813 victoria
863 1753 983 1833 egregia
1004 1733 1198 1812 nobilitabit&

230 1845 356 1926 pugnam

289 1939 347 2000 IX.
369 1943 415 2000 25.
437 1939 511 2000 Haeo
525 1939 639 2000 dicente
652 1939 752 2016 Dario,
766 1941 916 2019 proesentis
929 1940 1055 2020 periculi
1067 1929 1157 2014 speciet
1166 1935 1198 1980 ⁰²²*

227 2035 309 2096 nium
328 2033 415 2096 simul
436 2035 521 2094 eorda
541 2034 710 2114 animosque
731 2035 849 2096 horrore
872 2037 1099 2114 perstrinxerat:
1117 2039 1157 2084 neo
1170 2013 1199 2072 ut

228 2131 379 2194 eonsilium
399 2131 577 2210 suppetebat,
598 2137 649 2190 aut
662 2150 734 2208 νοις
756 2133 824 2190 erim
844 2131 1012 2193 Artabazus
1031 2113 1197 2190 vetustistimul

227 2228 391 2304 amisorum,
401 2247 485 2308 quem
494 2226 637 2306 hospitem
646 2226 735 2286 luisse
746 2225 878 2304 Philippi
893 2229 900 2256 ¹
911 2230 990 2306 saepe
1003 2224 1128 2291 diximus,
1140 2215 1153 2246 “
1161 2202 1199 2266 N⁰⁸

226 2325 323 2400 verd‚”
337 2323 442 2403 inquit,
457 2327 474 2358 “
485 2321 724 2400 pretiosissimam
737 2327 848 2381 vestem
860 2321 965 2398 induti,
979 2321 1118 2395 armisque
1127 2301 1198 2386 qanto

225 2417 350 2476 maximo
371 2418 453 2476 uultu
473 2435 623 2493 possumus
645 2416 787 2491 adornati,
802 2416 914 2495 Regem
926 2417 958 2476 in
971 2419 1065 2478 aciem
1082 2409 1197 2485 sequemur·

227 2512 273 2570 lte
286 2510 403 2587 quidem
415 2517 521 2584 mente,
535 2509 687 2570 victoriam
698 2517 733 2568 ut
753 2529 909 2588 speremus,
922 2519 1045 2572 mortem
1058 2522 1110 2566 non
1126 2501 1197 2558 rmus&

187 2651 191 2661 .
225 2604 316 2664 mus.’'
357 2603 488 2662 Assensu
502 2605 639 2680 exeeptre
659 2605 757 2664 caeteri
777 2605 850 2666 hane
870 2625 976 2668 vocem.
1040 2585 1198 2669 Sed²N³b²i

162 2759 167 2770 ,
225 2717 317 2774 sanes,
331 2697 382 2778 qui
404 2697 435 2756 in
456 2696 557 2756 eodem
579 2697 696 2758 oonsilio
721 2706 793 2774 erat,
808 2719 874 2760 eum
896 2699 988 2762 Besso
1008 2690 1126 2762 inauditi
1144 2683 1198 2741 mii*

224 2795 361 2856 iaeinoris
375 2793 513 2856 societate
526 2792 611 2868 inita,
625 2793 737 2874 Regem
750 2813 835 2856 suum
848 2815 900 2874 per
909 2797 1028 2874 milites,
1038 2791 1134 2876 quibus
1144 2769 1198 2838 ΨΜ

224 2899 376 2970 preerant,
399 2889 639 2970 eomprehendere
659 2898 690 2950 et
703 2889 811 2951 viueire
833 2891 1039 2971 decreverant3
1061 2888 1110 2946 ’et
1127 2873 1197 2937 pontt

223 2994 258 3044 ut
272 2987 297 3046 si
311 2987 477 3048 Alexander
490 2987 569 3064 ipsos
582 2986 730 3047 insecutus
743 2985 826 3061 ieret,
838 2986 948 3047 tradito
962 2989 1045 3069 Rege
1053 2983 1114 3047 vivo
1125 2961 1199 3060 iniret

223 3081 346 3160 gretiam
359 3081 488 3158 viatoris,
502 3081 617 3162 ⁴magni
629 3081 759 3160 profeotd
781 3081 890 3159 eepisee
912 3082 1035 3146 Darium
1056 3068 1196 3142 aetimatio

223 3173 276 3236 sin
289 3181 387 3234 autem
407 3193 474 3234 enm
495 3175 619 3256 effugere
639 3176 812 3254 potuissent,
827 3177 977 3240 interfecto
998 3177 1095 3249 Dario,
1113 3163 1199 3240 reguum

222 3269 280 3331 sibi
293 3276 473 3348 oeeuparent,
487 3271 650 3351 bellumque
663 3280 840 3334 renovarent.
892 3274 958 3334 Ηοο
971 3266 1147 3354 parridum
1157 3251 1198 3308 oto

222 3366 276 3428 diu
296 3364 486 3442 volutisssnt,
501 3364 682 3428 Nabarzanes
697 3368 828 3430 ‘aditum
840 3369 961 3430 nefarias
981 3372 1043 3450 spei
1060 3355 1198 3448 praepffl

222 3467 239 3499 “
251 3463 317 3525 Seio
329 3461 403 3538 me,’'
424 3459 527 3540 inquit,
551 3464 750 3524 “sententiam
771 3483 833 3526 esse
855 3465 1002 3526 dicturum
1022 3463 1111 3546 print
1131 3449 1196 3526 ΒΡθΰιθ

220 3559 438 3640 haudquaquam
463 3557 583 3618 auribus
604 3557 665 3616 tuis
686 3566 817 3638 gratam
846 3561 897 3622 sed
917 3561 1021 3622 mediei
1040 3566 1142 3642 qnoqu⁰
1158 3549 1197 3617 tl*

219 3655 314 3716 viores
321 3654 434 3716 morbos
446 3652 556 3732 asperis
568 3651 705 3712 remediis
718 3661 822 3716 eurant
836 3675 844 3716 ε
865 3663 895 3716 et
906 3657 1088 3736 gubernator,
1099 3641 1144 3708 nbi
1152 3641 1196 3694 ΜΨ

219 3749 344 3826 fragium
356 3750 448 3824 timet,
470 3751 595 3828 J'aeturt,
609 3748 751 3830 quidquid
764 3751 873 3812 servari
894 3759 999 3829 potest,
1013 3745 1127 3814 redimit«
1155 3726 1199 3800 133⁰

220 3849 397 3915 tenesmum
416 3851 451 3904 ut
469 3845 608 3906 damnum
627 3845 746 3922 quidem
767 3845 865 3919 fanias,
880 3847 1004 3924 suadem
1029 3845 1119 3908 sedat
1131 3829 1197 3900 Μ
