2642 4386
142 343 200 408 190
490 359 631 411 oururr
660 359 801 402 ouarrr

138 501 203 582 llgo
216 506 315 560 autem
328 517 423 560 soram
434 497 685 559 immortalitatem
707 517 809 576 preoor
829 496 916 578 Regi,
930 503 965 558 ut
977 497 1082 558 etrite
1094 495 1158 560 din·

136 603 224 656 tnrna
248 597 295 671 ait,
323 602 354 654 st
377 602 485 655 aeterna
508 595 652 671 majestas.
708 593 866 652 Hominem
892 593 1077 672 consequitur
1104 594 1158 654 ali·

136 691 260 772 qundo,
282 709 429 770 nunqnam
449 689 605 750 eomitatur
628 689 775 750 divinitas.
818 688 978 748 Herculem
992 689 1114 764 ”modu
1128 695 1159 748 et

137 793 252 866 patrem
274 785 423 861 Liberum,
447 791 622 846 oonseoratae
643 783 873 844 immortalitatis
894 783 1034 862 exempla,
1055 784 1159 844 refere-

136 881 197 946 bna
247 880 388 942 ereum
419 881 487 940 illos
520 879 607 940 nnius
633 878 760 940 eonvivii
792 877 907 938 dooreto
935 877 1015 937 Deos
1039 879 1159 938 foetos?

138 977 231 1038 Prius
244 976 281 1036 ab
295 975 387 1034 oeulis
400 973 567 1033 mortalium
581 973 702 1034 amolita
722 979 828 1032 natura
841 980 894 1049 eet,
907 975 996 1052 quim
1009 973 1041 1032 in
1054 974 1159 1034 oaelnm

137 1073 215 1134 fama
232 1071 408 1150 perveheret.
450 1069 598 1132 ”Soilioet
621 1089 676 1150 ego
700 1078 730 1129 et
747 1076 790 1145 tu,
816 1070 896 1146 Cleo,
921 1071 999 1132 Deos
1017 1070 1157 1130 iaoimnsl

137 1167 168 1228 A
193 1166 279 1227 nobis
306 1165 470 1226 divinitatis
496 1165 784 1226 summouentem
810 1171 978 1243 aoeeptnrns
1004 1173 1050 1225 est
1076 1166 1158 1225 Rexl

138 1263 158 1294 ¹¹
169 1261 338 1322 Potentiam
359 1267 439 1320 tuam
462 1260 587 1338 experiri
610 1258 691 1321 libet.
747 1261 806 1318 llao
829 1259 956 1339 aliquem
979 1259 1101 1340 Regem,
1130 1261 1158 1320 si

138 1356 232 1417 Deum
253 1364 335 1435 potes
354 1357 457 1416 faeere.
498 1355 657 1416 ¹²R¹aoilids
677 1362 723 1416 est
742 1354 893 1433 imperium
913 1355 989 1432 dere,
1003 1359 1092 1435 qudm
1104 1375 1159 1416 eoe-

137 1451 207 1512 lum
249 1451 331 1512 ”Dii
351 1451 469 1530 propitii
492 1451 554 1510 sine
575 1451 694 1526 invidia,
717 1469 782 1529 qum
807 1447 876 1510 Oleo
899 1449 984 1525 dixit,
1005 1450 1158 1526 audierint,

138 1547 294 1624 eodemque
308 1565 404 1622 eursu,
417 1565 474 1625 qno
487 1546 596 1604 fluxere
618 1545 711 1604 adbuo
731 1563 787 1620 res,
801 1543 844 1604 iro
866 1544 1030 1622 patiantur:
1049 1545 1159 1604 nostris

138 1640 268 1700 moribus
287 1640 381 1699 velint
402 1657 455 1698 nos
478 1657 540 1698 esse
563 1645 719 1698 contentos.
762 1638 831 1698 Non
850 1638 944 1716 pudet
963 1639 1082 1716 patriae3
1104 1655 1159 1698 neo

141 1732 281 1807 desidero,
296 1733 334 1791 ad
346 1753 431 1812 quem
454 1733 571 1792 modum
584 1734 651 1794 Rex
673 1733 746 1792 milri
760 1733 896 1794 oolendus
910 1733 958 1810 sit,
972 1753 990 1792 a
1002 1734 1089 1794 vietis
1100 1734 1159 1794 dis·

138 1845 210 1888 eere.
252 1826 332 1897 Quos
355 1827 487 1906 equidem
506 1828 631 1888 virtores
652 1847 716 1888 esse
740 1829 884 1904 eonfiteor,
899 1828 925 1888 si
938 1829 974 1890 ab
988 1828 1048 1888 illis
1068 1829 1157 1909 leges,

141 1921 224 2002 queis
237 1921 378 1996 vivamus,
393 1921 574 2000 aooipimus”

199 2019 246 2078 20.
268 2017 377 2096 AEquis
403 2018 523 2080 auribus
558 2017 748 2094 celtiberos,
775 2017 867 2078 veluti
891 2017 1002 2078 vindex
1034 2018 1159 2096 publieoe

138 2111 296 2188 libertatis,
310 2113 490 2175 audiebatur.
532 2114 554 2144 ²⁴
566 2114 756 2192 Expresserat
777 2133 835 2172 non
858 2113 1049 2174 assensionem
1061 2116 1157 2192 modb,

140 2209 295 2269 sedetiam
307 2227 415 2286 vocem,
430 2209 574 2270 seniorum
594 2210 748 2288 praeoipue‚
761 2210 866 2289 quibus
888 2209 985 2288 gravia
1004 2217 1069 2270 erat
1082 2212 1158 2271 inve·

139 2306 228 2374 tereti
250 2305 340 2367 moris
363 2313 482 2366 externa
501 2306 635 2367 mutatio.
677 2305 742 2366 Neo
763 2305 917 2385 quidquem
937 2306 1072 2382 ²⁵eorum,
1092 2327 1158 2386 quoe

141 2399 267 2460 invicem
285 2402 397 2476 jaetata
418 2409 512 2474 erant,
525 2402 592 2461 Rex
615 2401 774 2480 ignorabat,
788 2403 856 2460 edm
869 2401 1079 2479 posterulam,
1093 2423 1159 2482 quae

137 2493 228 2554 laetor
241 2493 411 2569 obduxerat,
424 2503 524 2556 staret.
566 2495 664 2574 Igitur
685 2495 723 2554 ad
745 2496 836 2574 Agim
858 2504 889 2554 et
909 2495 1048 2558 Cleonem
1067 2499 1156 2575 misit,

137 2595 172 2648 ut
186 2605 317 2648 sermone
328 2589 418 2664 linito,
432 2589 577 2650 Barbaros
590 2591 716 2665 tentum,
730 2592 798 2648 edm
812 2591 959 2669 intrdsset
972 2595 1157 2670 proonmbere

138 2701 191 2744 suo
203 2702 284 2744 more
295 2691 471 2762 paterentur.
513 2685 556 2744 Et
576 2685 664 2763 pauld
677 2692 752 2762 post,
766 2685 788 2714 ²⁸
794 2685 877 2764 quasi
898 2689 1013 2764 potiora
1026 2690 1157 2768 quadam

139 2777 258 2858 egisset,
272 2779 435 2840 convivium
448 2779 564 2858 repetit
606 2778 701 2850 Quem
721 2781 923 2844 venerantibus
948 2783 1057 2860 Persis,
1072 2786 1156 2864 Poly-

139 2891 268 2951 spereon‚
282 2874 334 2954 qui
356 2875 482 2936 orbabat
496 2875 515 2904 ²⁷
527 2893 614 2952 snper
638 2873 759 2954 Regem,
772 2895 862 2935 unum
876 2895 913 2936 ex
925 2877 973 2938 bis
985 2886 1081 2938 mento
1094 2897 1156 2938 oon-

137 2967 298 3048 tingentem
330 2970 451 3030 humum
482 2989 534 3048 per
565 2970 724 3032 ludibrium
749 2972 837 3050 ooepit
864 2973 986 3051 hortari,
1012 2981 1047 3034 nt
1073 2975 1156 3036 vebo-

137 3063 265 3123 montids
287 3065 319 3123 id
344 3072 475 3144 quateret
501 3065 538 3125 ad
558 3073 681 3127 terrem:
711 3067 865 3148 elionitque
890 3069 965 3128 iram
984 3069 1156 3146 Alexandri,

137 3177 224 3238 qnam
245 3157 342 3218 ”olim
365 3159 460 3218 animo
483 3179 584 3240 rapere
607 3181 665 3220 non
685 3168 805 3240 poteret
855 3163 960 3241 Itaque
983 3162 1057 3236 Rex,
1080 3164 1154 3222 “Tu

138 3255 266 3329 antem,”
279 3253 384 3334 inquit,
400 3259 417 3288 “
425 3275 483 3315 non
496 3257 680 3318 veneraberis
692 3258 763 3318 me?
789 3259 838 3317 An
851 3257 904 3318 tibi
918 3257 969 3315 uni
981 3255 1063 3335 digni
1076 3257 1154 3318 vide·

137 3367 203 3409 mm
225 3367 287 3409 esse
308 3349 484 3410 ludibrio?”
526 3351 583 3410 Ille
597 3353 679 3411 ²'neo
701 3353 813 3432 Regem
833 3351 967 3427 ludibrio,
981 3369 1034 3410 neo
1047 3371 1079 3412 ss
1091 3373 1153 3413 oon·

136 3451 250 3523 temptn
274 3445 393 3525 dignum
415 3463 477 3505 esse
500 3447 656 3524 respondit.
700 3447 776 3506 Tum
802 3447 961 3506 detractum
988 3467 1053 3506 eum
1079 3449 1154 3509 leote

137 3537 204 3598 Rex
230 3539 393 3618 precipitat
419 3539 450 3598 in
477 3545 591 3601 terram.
650 3541 704 3600 Et
717 3543 787 3600 eum
810 3540 837 3598 is
860 3559 969 3618 pronus
988 3542 1153 3619 eor-ruisset,

136 3635 154 3666 “
165 3632 320 3710 Videme,'’
334 3635 438 3714 inquit,
453 3634 557 3694 “idem
582 3643 612 3694 te
634 3635 744 3710 fecisse,
757 3635 835 3714 quod
856 3635 888 3694 in
908 3636 966 3696 alio
986 3637 1071 3714 pauld
1085 3639 1153 3696 ants

134 3725 249 3784 ridebas
259 3727 273 3786 l
283 3729 299 3760 ’²
341 3729 384 3790 Et
404 3729 484 3788 tradi
504 3749 538 3788 eo
551 3731 583 3788 in
596 3729 757 3788 eustodiam
774 3731 866 3806 jusso,
880 3731 1042 3794 eonvivium
1055 3730 1151 3794 solvit.

134 3815 357 3894 Polyspereonti
367 3823 483 3901 quidem
496 3828 606 3900 postea,
620 3823 763 3902 uestigato
777 3825 838 3901 diu,
851 3825 971 3906 ignovit
