<?xml version="1.0" encoding="UTF-8"?>
<!DOCTYPE html PUBLIC "-//W3C//DTD XHTML 1.0 Transitional//EN"
    "http://www.w3.org/TR/xhtml1/DTD/xhtml1-transitional.dtd">
<html xmlns="http://www.w3.org/1999/xhtml" xml:lang="en" lang="en">
 <head>
  <title>
</title>
<meta http-equiv="Content-Type" content="text/html;charset=utf-8" />
  <meta name='ocr-system' content='tesseract 3.04.00' />
  <meta name='ocr-capabilities' content='ocr_page ocr_carea ocr_par ocr_line ocrx_word'/>
</head>
<body>
  <div class='ocr_page' id='page_1' title='image "./quintuscurtiusr00cellgoog_0067.png"; bbox 0 0 2600 4394; ppageno 0'>
   <div class='ocr_carea' id='block_1_1' title="bbox 208 365 866 428">
    <p class='ocr_par' dir='ltr' id='par_1_1' title="bbox 208 365 866 428">
     <span class='ocr_line' id='line_1_1' title="bbox 208 365 866 428; baseline -0.011 -5"><span class='ocrx_word' id='word_1_1' title='bbox 208 365 248 424; x_wconf 78' lang='lat' dir='ltr'><strong>ta</strong></span> <span class='ocrx_word' id='word_1_2' title='bbox 556 376 699 428; x_wconf 71' lang='lat' dir='ltr'><strong>ausuri</strong></span> <span class='ocrx_word' id='word_1_3' title='bbox 725 375 866 416; x_wconf 81' lang='lat' dir='ltr'><strong>oosru</strong></span> 
     </span>
    </p>
   </div>
   <div class='ocr_carea' id='block_1_2' title="bbox 130 509 1230 698">
    <p class='ocr_par' dir='ltr' id='par_1_2' title="bbox 130 509 1230 698">
     <span class='ocr_line' id='line_1_2' title="bbox 207 509 1230 597; baseline -0.007 -20"><span class='ocrx_word' id='word_1_4' title='bbox 207 537 296 597; x_wconf 85' lang='lat' dir='ltr'><strong>quem</strong></span> <span class='ocrx_word' id='word_1_5' title='bbox 310 515 425 596; x_wconf 72' lang='lat' dir='ltr'><strong>gmeris</strong></span> <span class='ocrx_word' id='word_1_6' title='bbox 440 515 486 575; x_wconf 86' lang='lat' dir='ltr'><strong>sui</strong></span> <span class='ocrx_word' id='word_1_7' title='bbox 507 522 665 590; x_wconf 79' lang='lat' dir='ltr'><strong>enatarem,</strong></span> <span class='ocrx_word' id='word_1_8' title='bbox 679 514 777 574; x_wconf 79' lang='lat' dir='ltr'><strong>&#39;haud</strong></span> <span class='ocrx_word' id='word_1_9' title='bbox 787 518 940 572; x_wconf 87' lang='lat' dir='ltr'><strong>eontentus</strong></span> <span class='ocrx_word' id='word_1_10' title='bbox 960 509 1079 570; x_wconf 86' lang='lat' dir='ltr'><strong>mortali</strong></span> <span class='ocrx_word' id='word_1_11' title='bbox 1090 511 1230 589; x_wconf 81' lang='lat' dir='ltr'><strong>fastigio,</strong></span> 
     </span>
     <span class='ocr_line' id='line_1_3' title="bbox 130 605 1230 698; baseline -0.007 -26"><span class='ocrx_word' id='word_1_12' title='bbox 130 658 146 698; x_wconf 50' lang='lat'><em>5</em></span> <span class='ocrx_word' id='word_1_13' title='bbox 205 619 259 672; x_wconf 79' lang='lat' dir='ltr'><strong>aut</strong></span> <span class='ocrx_word' id='word_1_14' title='bbox 282 611 420 670; x_wconf 73' lang='lat' dir='ltr'><strong>credebat</strong></span> <span class='ocrx_word' id='word_1_15' title='bbox 442 627 513 684; x_wconf 89' lang='lat' dir='ltr'><strong>esse,</strong></span> <span class='ocrx_word' id='word_1_16' title='bbox 537 617 588 668; x_wconf 86' lang='lat' dir='ltr'><strong>ent</strong></span> <span class='ocrx_word' id='word_1_17' title='bbox 609 609 689 670; x_wconf 82' lang='lat' dir='ltr'><strong>medi</strong></span> <span class='ocrx_word' id='word_1_18' title='bbox 711 607 837 668; x_wconf 81' lang='lat' dir='ltr'><strong>volebat.</strong></span> <span class='ocrx_word' id='word_1_19' title='bbox 881 607 962 684; x_wconf 80' lang='lat' dir='ltr'><strong>Ergo</strong></span> <span class='ocrx_word' id='word_1_20' title='bbox 986 623 1051 662; x_wconf 88' lang='lat' dir='ltr'><strong>oum</strong></span> <span class='ocrx_word' id='word_1_21' title='bbox 1079 605 1129 678; x_wconf 91' lang='lat' dir='ltr'><strong>iis,</strong></span> <span class='ocrx_word' id='word_1_22' title='bbox 1152 625 1230 684; x_wconf 88' lang='lat' dir='ltr'><strong>quos</strong></span> 
     </span>
    </p>
   </div>
   <div class='ocr_carea' id='block_1_3' title="bbox 204 699 1280 4094">
    <p class='ocr_par' dir='ltr' id='par_1_3' title="bbox 205 699 1280 2395">
     <span class='ocr_line' id='line_1_4' title="bbox 206 699 1229 778; baseline -0.007 -12"><span class='ocrx_word' id='word_1_23' title='bbox 206 707 312 766; x_wconf 59' lang='lat' dir='ltr'><strong>&amp;utere</strong></span> <span class='ocrx_word' id='word_1_24' title='bbox 327 725 425 766; x_wconf 82' lang='lat' dir='ltr'><strong>seeum</strong></span> <span class='ocrx_word' id='word_1_25' title='bbox 438 711 590 778; x_wconf 71' lang='lat' dir='ltr'><strong>statuerat,</strong></span> <span class='ocrx_word' id='word_1_26' title='bbox 605 703 731 764; x_wconf 72' lang='lat' dir='ltr'><strong>monade</strong></span> <span class='ocrx_word' id='word_1_27' title='bbox 751 721 835 762; x_wconf 86' lang='lat' dir='ltr'><strong>amns</strong></span> <span class='ocrx_word' id='word_1_28' title='bbox 847 700 1048 760; x_wconf 82' lang='lat' dir='ltr'><strong>deseenditad</strong></span> <span class='ocrx_word' id='word_1_29' title='bbox 1064 699 1229 760; x_wconf 74' lang='lat' dir='ltr'><strong>Mareotim</strong></span> 
     </span>
     <span class='ocr_line' id='line_1_5' title="bbox 205 795 1228 879; baseline -0.008 -19"><span class='ocrx_word' id='word_1_30' title='bbox 205 801 347 879; x_wconf 82' lang='lat' dir='ltr'><strong>paludem</strong></span> <span class='ocrx_word' id='word_1_31' title='bbox 391 799 437 860; x_wconf 83' lang='grc' dir='ltr'><strong>Εὸ</strong></span> <span class='ocrx_word' id='word_1_32' title='bbox 461 799 551 877; x_wconf 69' lang='lat' dir='ltr'><strong>legati</strong></span> <span class='ocrx_word' id='word_1_33' title='bbox 573 797 782 875; x_wconf 70' lang='lat' dir='ltr'><strong>Cyrenensium</strong></span> <span class='ocrx_word' id='word_1_34' title='bbox 802 797 879 855; x_wconf 85' lang='lat' dir='ltr'><strong>dona</strong></span> <span class='ocrx_word' id='word_1_35' title='bbox 899 795 1044 870; x_wconf 68' lang='lat' dir='ltr'><strong>attulere,</strong></span> <span class='ocrx_word' id='word_1_36' title='bbox 1064 813 1182 872; x_wconf 85' lang='lat' dir='ltr'><strong>paoem,</strong></span> <span class='ocrx_word' id='word_1_37' title='bbox 1199 803 1228 853; x_wconf 86' lang='lat' dir='ltr'><strong>et</strong></span> 
     </span>
     <span class='ocr_line' id='line_1_6' title="bbox 205 889 1226 970; baseline -0.008 -14"><span class='ocrx_word' id='word_1_38' title='bbox 205 903 240 956; x_wconf 85' lang='lat' dir='ltr'><strong>ut</strong></span> <span class='ocrx_word' id='word_1_39' title='bbox 253 896 348 956; x_wconf 86' lang='lat' dir='ltr'><strong>adiret</strong></span> <span class='ocrx_word' id='word_1_40' title='bbox 360 895 446 956; x_wconf 87' lang='lat' dir='ltr'><strong>urbes</strong></span> <span class='ocrx_word' id='word_1_41' title='bbox 466 912 542 966; x_wconf 87' lang='lat' dir='ltr'><strong>sues,</strong></span> <span class='ocrx_word' id='word_1_42' title='bbox 553 899 694 970; x_wconf 87' lang='lat' dir='ltr'><strong>petentes.</strong></span> <span class='ocrx_word' id='word_1_43' title='bbox 736 891 803 965; x_wconf 89' lang='lat' dir='ltr'><strong>Ille,</strong></span> <span class='ocrx_word' id='word_1_44' title='bbox 818 891 910 950; x_wconf 86' lang='lat' dir='ltr'><strong>donis</strong></span> <span class='ocrx_word' id='word_1_45' title='bbox 923 890 1059 966; x_wconf 79' lang='lat' dir='ltr'><strong>receptis,</strong></span> <span class='ocrx_word' id='word_1_46' title='bbox 1073 889 1226 948; x_wconf 75' lang='lat' dir='ltr'><strong>amicirie-</strong></span> 
     </span>
     <span class='ocr_line' id='line_1_7' title="bbox 205 983 1226 1068; baseline -0.008 -19"><span class='ocrx_word' id='word_1_47' title='bbox 205 1009 262 1068; x_wconf 86' lang='lat' dir='ltr'><strong>que</strong></span> <span class='ocrx_word' id='word_1_48' title='bbox 276 992 440 1066; x_wconf 72' lang='lat' dir='ltr'><strong>eonjunete,</strong></span> <span class='ocrx_word' id='word_1_49' title='bbox 455 987 600 1046; x_wconf 86' lang='lat' dir='ltr'><strong>destinata</strong></span> <span class='ocrx_word' id='word_1_50' title='bbox 611 987 732 1066; x_wconf 81' lang='lat' dir='ltr'><strong>exsequi</strong></span> <span class='ocrx_word' id='word_1_51' title='bbox 745 987 847 1064; x_wconf 81' lang='lat' dir='ltr'><strong>pergit</strong></span> <span class='ocrx_word' id='word_1_52' title='bbox 889 985 936 1044; x_wconf 89' lang='lat' dir='ltr'><strong>Ao</strong></span> <span class='ocrx_word' id='word_1_53' title='bbox 948 985 1042 1062; x_wconf 85' lang='lat' dir='ltr'><strong>primo</strong></span> <span class='ocrx_word' id='word_1_54' title='bbox 1055 983 1182 1062; x_wconf 86' lang='lat' dir='ltr'><strong>quidem</strong></span> <span class='ocrx_word' id='word_1_55' title='bbox 1197 991 1226 1042; x_wconf 88' lang='lat' dir='ltr'><strong>et</strong></span> 
     </span>
     <span class='ocr_line' id='line_1_8' title="bbox 207 1079 1225 1162; baseline -0.006 -20"><span class='ocrx_word' id='word_1_56' title='bbox 207 1084 338 1162; x_wconf 85' lang='lat' dir='ltr'><strong>sequenti</strong></span> <span class='ocrx_word' id='word_1_57' title='bbox 353 1083 409 1156; x_wconf 88' lang='lat' dir='ltr'><strong>die,</strong></span> <span class='ocrx_word' id='word_1_58' title='bbox 423 1080 584 1142; x_wconf 85' lang='lat' dir='ltr'><strong>tolerabilis</strong></span> <span class='ocrx_word' id='word_1_59' title='bbox 596 1081 677 1142; x_wconf 87' lang='lat' dir='ltr'><strong>labor</strong></span> <span class='ocrx_word' id='word_1_60' title='bbox 690 1081 780 1154; x_wconf 86' lang='lat' dir='ltr'><strong>visus,</strong></span> <span class='ocrx_word' id='word_1_61' title='bbox 794 1079 926 1140; x_wconf 79' lang='lat' dir='ltr'><strong>noudum</strong></span> <span class='ocrx_word' id='word_1_62' title='bbox 939 1087 999 1138; x_wconf 84' lang='lat' dir='ltr'><strong>tem</strong></span> <span class='ocrx_word' id='word_1_63' title='bbox 1012 1079 1105 1138; x_wconf 84' lang='lat' dir='ltr'><strong>vastis</strong></span> <span class='ocrx_word' id='word_1_64' title='bbox 1123 1079 1225 1138; x_wconf 86' lang='lat' dir='ltr'><strong>nudis·</strong></span> 
     </span>
     <span class='ocr_line' id='line_1_9' title="bbox 205 1174 1223 1256; baseline -0.004 -20"><span class='ocrx_word' id='word_1_65' title='bbox 205 1197 262 1256; x_wconf 79' lang='lat' dir='ltr'><strong>qne</strong></span> <span class='ocrx_word' id='word_1_66' title='bbox 276 1177 483 1238; x_wconf 77' lang='lat' dir='ltr'>solitudinibus</span> <span class='ocrx_word' id='word_1_67' title='bbox 497 1177 594 1252; x_wconf 77' lang='lat' dir='ltr'><strong>aditis,</strong></span> <span class='ocrx_word' id='word_1_68' title='bbox 609 1178 688 1254; x_wconf 73' lang='lat' dir='ltr'><strong>‘jum</strong></span> <span class='ocrx_word' id='word_1_69' title='bbox 701 1184 798 1236; x_wconf 82' lang='lat' dir='ltr'><strong>tamen</strong></span> <span class='ocrx_word' id='word_1_70' title='bbox 806 1175 901 1234; x_wconf 85' lang='lat' dir='ltr'><strong>sterili</strong></span> <span class='ocrx_word' id='word_1_71' title='bbox 914 1181 945 1233; x_wconf 89' lang='lat' dir='ltr'><strong>et</strong></span> <span class='ocrx_word' id='word_1_72' title='bbox 958 1174 1114 1234; x_wconf 86' lang='lat' dir='ltr'><strong>emoriente</strong></span> <span class='ocrx_word' id='word_1_73' title='bbox 1131 1178 1223 1232; x_wconf 78' lang='lat' dir='ltr'><strong>terrei.</strong></span> 
     </span>
     <span class='ocr_line' id='line_1_10' title="bbox 206 1269 1223 1350; baseline -0.006 -16"><span class='ocrx_word' id='word_1_74' title='bbox 206 1273 266 1334; x_wconf 79' lang='lat' dir='ltr'><strong>Sed</strong></span> <span class='ocrx_word' id='word_1_75' title='bbox 288 1281 323 1332; x_wconf 89' lang='lat' dir='ltr'><strong>ut</strong></span> <span class='ocrx_word' id='word_1_76' title='bbox 345 1276 484 1350; x_wconf 58' lang='lat' dir='ltr'><strong>aperuere</strong></span> <span class='ocrx_word' id='word_1_77' title='bbox 507 1292 538 1332; x_wconf 90' lang='lat' dir='ltr'><strong>se</strong></span> <span class='ocrx_word' id='word_1_78' title='bbox 558 1273 653 1350; x_wconf 77' lang='lat' dir='ltr'><strong>tempi</strong></span> <span class='ocrx_word' id='word_1_79' title='bbox 666 1272 726 1330; x_wconf 84' lang='lat' dir='ltr'><strong>ulto</strong></span> <span class='ocrx_word' id='word_1_80' title='bbox 751 1271 848 1332; x_wconf 85' lang='lat' dir='ltr'><strong>obruti</strong></span> <span class='ocrx_word' id='word_1_81' title='bbox 870 1270 980 1344; x_wconf 85' lang='lat' dir='ltr'><strong>sabulo,</strong></span> <span class='ocrx_word' id='word_1_82' title='bbox 1003 1269 1112 1328; x_wconf 71' lang='grc' dir='ltr'><strong>1Ἷιιιιιιί</strong></span> <span class='ocrx_word' id='word_1_83' title='bbox 1137 1289 1223 1328; x_wconf 80' lang='lat' dir='ltr'><strong>secus</strong></span> 
     </span>
     <span class='ocr_line' id='line_1_11' title="bbox 205 1364 1220 1448; baseline -0.004 -20"><span class='ocrx_word' id='word_1_84' title='bbox 205 1371 296 1448; x_wconf 74' lang='lat' dir='ltr'><strong>quim</strong></span> <span class='ocrx_word' id='word_1_85' title='bbox 316 1368 492 1447; x_wconf 73' lang='lat' dir='ltr'><strong>profundum</strong></span> <span class='ocrx_word' id='word_1_86' title='bbox 513 1388 612 1447; x_wconf 78' lang='lat' dir='ltr'><strong>aequor</strong></span> <span class='ocrx_word' id='word_1_87' title='bbox 632 1367 755 1446; x_wconf 86' lang='lat' dir='ltr'><strong>ingressi</strong></span> <span class='ocrx_word' id='word_1_88' title='bbox 777 1373 884 1424; x_wconf 82' lang='lat' dir='ltr'><strong>terrem</strong></span> <span class='ocrx_word' id='word_1_89' title='bbox 908 1365 1001 1424; x_wconf 86' lang='lat' dir='ltr'><strong>oeulis</strong></span> <span class='ocrx_word' id='word_1_90' title='bbox 1019 1364 1220 1442; x_wconf 80' lang='lat' dir='ltr'><strong>requirebant.</strong></span> 
     </span>
     <span class='ocr_line' id='line_1_12' title="bbox 207 1460 1222 1539; baseline -0.005 -16"><span class='ocrx_word' id='word_1_91' title='bbox 207 1464 298 1524; x_wconf 84' lang='lat' dir='ltr'><strong>Nulla</strong></span> <span class='ocrx_word' id='word_1_92' title='bbox 320 1464 539 1539; x_wconf 59' lang='lat' dir='ltr'><strong>othtrannum</strong></span> <span class='ocrx_word' id='word_1_93' title='bbox 560 1463 633 1522; x_wconf 89' lang='lat' dir='ltr'><strong>oulti</strong></span> <span class='ocrx_word' id='word_1_94' title='bbox 655 1463 710 1522; x_wconf 88' lang='lat' dir='ltr'><strong>soli</strong></span> <span class='ocrx_word' id='word_1_95' title='bbox 731 1461 901 1522; x_wconf 75' lang='lat' dir='ltr'><strong>occurrebat</strong></span> <span class='ocrx_word' id='word_1_96' title='bbox 920 1460 1085 1538; x_wconf 82' lang='lat' dir='ltr'><strong>vestigium.</strong></span> <span class='ocrx_word' id='word_1_97' title='bbox 1130 1460 1222 1539; x_wconf 86' lang='lat' dir='ltr'><strong>Aqua</strong></span> 
     </span>
     <span class='ocr_line' id='line_1_13' title="bbox 206 1555 1220 1636; baseline -0.002 -20"><span class='ocrx_word' id='word_1_98' title='bbox 206 1560 295 1618; x_wconf 86' lang='lat' dir='ltr'><strong>etiam</strong></span> <span class='ocrx_word' id='word_1_99' title='bbox 317 1560 471 1633; x_wconf 83' lang='lat' dir='ltr'><strong>deieesrat,</strong></span> <span class='ocrx_word' id='word_1_100' title='bbox 496 1579 584 1636; x_wconf 85' lang='lat' dir='ltr'><strong>quam</strong></span> <span class='ocrx_word' id='word_1_101' title='bbox 611 1560 629 1590; x_wconf 88' lang='lat'><strong>¹¹</strong></span> <span class='ocrx_word' id='word_1_102' title='bbox 639 1557 754 1618; x_wconf 84' lang='lat' dir='ltr'><strong>utribu</strong></span> <span class='ocrx_word' id='word_1_103' title='bbox 780 1555 883 1616; x_wconf 88' lang='lat' dir='ltr'><strong>osmeli</strong></span> <span class='ocrx_word' id='word_1_104' title='bbox 909 1555 1097 1628; x_wconf 79' lang='lat' dir='ltr'><strong>devexerant,</strong></span> <span class='ocrx_word' id='word_1_105' title='bbox 1126 1562 1161 1614; x_wconf 84' lang='lat' dir='ltr'><strong>et</strong></span> <span class='ocrx_word' id='word_1_106' title='bbox 1189 1557 1220 1614; x_wconf 88' lang='lat' dir='ltr'><strong>iu</strong></span> 
     </span>
     <span class='ocr_line' id='line_1_14' title="bbox 206 1649 1221 1714; baseline -0.002 -4"><span class='ocrx_word' id='word_1_107' title='bbox 206 1652 287 1710; x_wconf 83' lang='lat' dir='ltr'><strong>arido</strong></span> <span class='ocrx_word' id='word_1_108' title='bbox 310 1652 372 1710; x_wconf 90' lang='lat' dir='ltr'><strong>solo</strong></span> <span class='ocrx_word' id='word_1_109' title='bbox 395 1671 428 1710; x_wconf 85' lang='lat' dir='ltr'><strong>ae</strong></span> <span class='ocrx_word' id='word_1_110' title='bbox 449 1651 678 1712; x_wconf 78' lang='lat' dir='ltr'><strong>feruidosabnlo</strong></span> <span class='ocrx_word' id='word_1_111' title='bbox 699 1651 781 1714; x_wconf 80' lang='lat' dir='ltr'><strong>nulla</strong></span> <span class='ocrx_word' id='word_1_112' title='bbox 794 1657 865 1712; x_wconf 77' lang='lat' dir='ltr'><strong>eret</strong></span> <span class='ocrx_word' id='word_1_113' title='bbox 908 1650 959 1710; x_wconf 82' lang='lat' dir='ltr'><strong>Au</strong></span> <span class='ocrx_word' id='word_1_114' title='bbox 972 1651 1034 1710; x_wconf 78' lang='lat' dir='ltr'><strong>hese</strong></span> <span class='ocrx_word' id='word_1_115' title='bbox 1056 1649 1101 1709; x_wconf 88' lang='lat' dir='ltr'><strong>sol</strong></span> <span class='ocrx_word' id='word_1_116' title='bbox 1121 1651 1221 1710; x_wconf 80' lang='lat' dir='ltr'><strong>omnia</strong></span> 
     </span>
     <span class='ocr_line' id='line_1_15' title="bbox 206 1745 1220 1824; baseline 0 -20"><span class='ocrx_word' id='word_1_117' title='bbox 206 1745 382 1818; x_wconf 74' lang='lat' dir='ltr'><strong>intenderet,</strong></span> <span class='ocrx_word' id='word_1_118' title='bbox 406 1747 538 1824; x_wconf 83' lang='lat' dir='ltr'><strong>aiensque</strong></span> <span class='ocrx_word' id='word_1_119' title='bbox 562 1753 592 1804; x_wconf 88' lang='lat' dir='ltr'><strong>et</strong></span> <span class='ocrx_word' id='word_1_120' title='bbox 614 1745 721 1806; x_wconf 82' lang='lat' dir='ltr'><strong>aduste</strong></span> <span class='ocrx_word' id='word_1_121' title='bbox 738 1753 823 1806; x_wconf 84' lang='lat' dir='ltr'><strong>eraut</strong></span> <span class='ocrx_word' id='word_1_122' title='bbox 843 1765 901 1820; x_wconf 85' lang='lat' dir='ltr'><strong>ora,</strong></span> <span class='ocrx_word' id='word_1_123' title='bbox 916 1749 982 1804; x_wconf 69' lang='lat' dir='ltr'><strong>oum</strong></span> <span class='ocrx_word' id='word_1_124' title='bbox 1004 1746 1136 1822; x_wconf 75' lang='lat' dir='ltr'><strong>repentt,</strong></span> <span class='ocrx_word' id='word_1_125' title='bbox 1160 1746 1220 1806; x_wconf 82' lang='lat' dir='ltr'><strong>sive</strong></span> 
     </span>
     <span class='ocr_line' id='line_1_16' title="bbox 206 1839 1220 1915; baseline 0.002 -17"><span class='ocrx_word' id='word_1_126' title='bbox 206 1840 280 1900; x_wconf 86' lang='lat' dir='ltr'><strong>illud</strong></span> <span class='ocrx_word' id='word_1_127' title='bbox 307 1839 427 1900; x_wconf 87' lang='lat' dir='ltr'><strong>deorum</strong></span> <span class='ocrx_word' id='word_1_128' title='bbox 450 1859 562 1914; x_wconf 79' lang='lat' dir='ltr'><strong>munus,</strong></span> <span class='ocrx_word' id='word_1_129' title='bbox 587 1841 648 1901; x_wconf 80' lang='lat' dir='ltr'><strong>sire</strong></span> <span class='ocrx_word' id='word_1_130' title='bbox 671 1860 755 1903; x_wconf 82' lang='lat' dir='ltr'><strong>ossus</strong></span> <span class='ocrx_word' id='word_1_131' title='bbox 775 1841 843 1915; x_wconf 81' lang='lat' dir='ltr'><strong>fuit,</strong></span> <span class='ocrx_word' id='word_1_132' title='bbox 863 1839 999 1902; x_wconf 72' lang='lat' dir='ltr'><strong>obducta</strong></span> <span class='ocrx_word' id='word_1_133' title='bbox 1026 1841 1098 1900; x_wconf 86' lang='lat' dir='ltr'><strong>eoelo</strong></span> <span class='ocrx_word' id='word_1_134' title='bbox 1125 1841 1220 1902; x_wconf 85' lang='lat' dir='ltr'><strong>nubes</strong></span> 
     </span>
     <span class='ocr_line' id='line_1_17' title="bbox 206 1934 1280 2015; baseline 0.003 -21"><span class='ocrx_word' id='word_1_135' title='bbox 206 1935 362 1994; x_wconf 74' lang='lat' dir='ltr'><strong>eondidtre</strong></span> <span class='ocrx_word' id='word_1_136' title='bbox 384 1934 492 2010; x_wconf 73' lang='lat' dir='ltr'><strong>solem,</strong></span> <span class='ocrx_word' id='word_1_137' title='bbox 521 1935 623 2014; x_wconf 78' lang='lat' dir='ltr'><strong>ingens</strong></span> <span class='ocrx_word' id='word_1_138' title='bbox 647 1943 722 1996; x_wconf 86' lang='lat' dir='ltr'><strong>aestu</strong></span> <span class='ocrx_word' id='word_1_139' title='bbox 743 1936 883 2015; x_wconf 82' lang='lat' dir='ltr'><strong>fatigetis,</strong></span> <span class='ocrx_word' id='word_1_140' title='bbox 907 1935 1023 1996; x_wconf 84' lang='lat' dir='ltr'><strong>etiamsi</strong></span> <span class='ocrx_word' id='word_1_141' title='bbox 1046 1955 1122 2014; x_wconf 82' lang='lat' dir='ltr'><strong>aqua</strong></span> <span class='ocrx_word' id='word_1_142' title='bbox 1150 1937 1219 1997; x_wconf 83' lang='lat' dir='ltr'><strong>defi·</strong></span> <span class='ocrx_word' id='word_1_143' title='bbox 1279 1967 1280 2004; x_wconf 62' lang='grc' dir='ltr'>ι</span> 
     </span>
     <span class='ocr_line' id='line_1_18' title="bbox 206 2029 1218 2110; baseline 0 -22"><span class='ocrx_word' id='word_1_144' title='bbox 206 2037 292 2103; x_wconf 86' lang='lat' dir='ltr'><strong>aeret,</strong></span> <span class='ocrx_word' id='word_1_145' title='bbox 307 2029 455 2088; x_wconf 81' lang='lat' dir='ltr'><strong>auxilium.</strong></span> <span class='ocrx_word' id='word_1_146' title='bbox 498 2029 654 2090; x_wconf 76' lang='lat' dir='ltr'><strong>Enimvero</strong></span> <span class='ocrx_word' id='word_1_147' title='bbox 667 2038 702 2088; x_wconf 90' lang='lat' dir='ltr'><strong>ut</strong></span> <span class='ocrx_word' id='word_1_148' title='bbox 722 2031 835 2109; x_wconf 78' lang='lat' dir='ltr'><strong>largum</strong></span> <span class='ocrx_word' id='word_1_149' title='bbox 848 2050 963 2110; x_wconf 85' lang='lat' dir='ltr'><strong>quoque</strong></span> <span class='ocrx_word' id='word_1_150' title='bbox 983 2031 1105 2091; x_wconf 84' lang='lat' dir='ltr'><strong>imbrem</strong></span> <span class='ocrx_word' id='word_1_151' title='bbox 1118 2048 1218 2089; x_wconf 82' lang='lat' dir='ltr'><strong>exous·</strong></span> 
     </span>
     <span class='ocr_line' id='line_1_19' title="bbox 205 2125 1278 2205; baseline 0 -21"><span class='ocrx_word' id='word_1_152' title='bbox 205 2132 305 2184; x_wconf 81' lang='lat' dir='ltr'><strong>serunt</strong></span> <span class='ocrx_word' id='word_1_153' title='bbox 326 2125 471 2204; x_wconf 78' lang='lat' dir='ltr'><strong>proeellae,</strong></span> <span class='ocrx_word' id='word_1_154' title='bbox 490 2145 542 2204; x_wconf 88' lang='lat' dir='ltr'><strong>pro</strong></span> <span class='ocrx_word' id='word_1_155' title='bbox 564 2143 595 2184; x_wconf 85' lang='lat' dir='ltr'><strong>se</strong></span> <span class='ocrx_word' id='word_1_156' title='bbox 616 2126 736 2205; x_wconf 80' lang='lat' dir='ltr'><strong>quisque</strong></span> <span class='ocrx_word' id='word_1_157' title='bbox 751 2127 883 2204; x_wconf 85' lang='lat' dir='ltr'><strong>exeipere</strong></span> <span class='ocrx_word' id='word_1_158' title='bbox 903 2145 979 2200; x_wconf 86' lang='lat' dir='ltr'><strong>eum,</strong></span> <span class='ocrx_word' id='word_1_159' title='bbox 999 2125 1127 2204; x_wconf 83' lang='lat' dir='ltr'><strong>quidam,</strong></span> <span class='ocrx_word' id='word_1_160' title='bbox 1151 2125 1218 2184; x_wconf 73' lang='lat' dir='ltr'><strong>”ob</strong></span> <span class='ocrx_word' id='word_1_161' title='bbox 1274 2132 1278 2192; x_wconf 64' lang='lat'><strong>&#39;,</strong></span> 
     </span>
     <span class='ocr_line' id='line_1_20' title="bbox 206 2219 1278 2301; baseline 0 -21"><span class='ocrx_word' id='word_1_162' title='bbox 206 2221 286 2282; x_wconf 86' lang='lat' dir='ltr'><strong>sitim</strong></span> <span class='ocrx_word' id='word_1_163' title='bbox 306 2221 479 2300; x_wconf 87' lang='lat' dir='ltr'><strong>impetentes</strong></span> <span class='ocrx_word' id='word_1_164' title='bbox 506 2221 560 2296; x_wconf 91' lang='lat' dir='ltr'><strong>sui,</strong></span> <span class='ocrx_word' id='word_1_165' title='bbox 582 2239 632 2282; x_wconf 89' lang='lat' dir='ltr'><strong>ore</strong></span> <span class='ocrx_word' id='word_1_166' title='bbox 658 2241 772 2301; x_wconf 87' lang='lat' dir='ltr'><strong>quoque</strong></span> <span class='ocrx_word' id='word_1_167' title='bbox 796 2221 889 2280; x_wconf 85' lang='lat' dir='ltr'><strong>hianti</strong></span> <span class='ocrx_word' id='word_1_168' title='bbox 916 2228 1033 2298; x_wconf 79' lang='lat' dir='ltr'><strong>raptare</strong></span> <span class='ocrx_word' id='word_1_169' title='bbox 1056 2228 1216 2298; x_wconf 78' lang='lat' dir='ltr'><strong>coeperunt</strong></span> <span class='ocrx_word' id='word_1_170' title='bbox 1277 2219 1278 2230; x_wconf 55' lang='lat'>¹</span> 
     </span>
     <span class='ocr_line' id='line_1_21' title="bbox 206 2315 1029 2395; baseline -0.002 -19"><span class='ocrx_word' id='word_1_171' title='bbox 206 2315 401 2388; x_wconf 75' lang='lat' dir='ltr'><strong>Quatriduum</strong></span> <span class='ocrx_word' id='word_1_172' title='bbox 415 2324 577 2395; x_wconf 78' lang='lat' dir='ltr'><strong>pervastata</strong></span> <span class='ocrx_word' id='word_1_173' title='bbox 591 2316 763 2376; x_wconf 73' lang='lat' dir='ltr'>solitudines</span> <span class='ocrx_word' id='word_1_174' title='bbox 776 2316 963 2392; x_wconf 75' lang='lat' dir='ltr'><strong>absumptum</strong></span> <span class='ocrx_word' id='word_1_175' title='bbox 977 2321 1029 2374; x_wconf 85' lang='lat' dir='ltr'><strong>est.</strong></span> 
     </span>
    </p>

    <p class='ocr_par' dir='ltr' id='par_1_4' title="bbox 204 2409 1280 4094">
     <span class='ocr_line' id='line_1_22' title="bbox 265 2409 1216 2488; baseline 0.002 -20"><span class='ocrx_word' id='word_1_176' title='bbox 265 2415 312 2470; x_wconf 80' lang='lat'><strong>29.</strong></span> <span class='ocrx_word' id='word_1_177' title='bbox 335 2411 462 2488; x_wconf 85' lang='lat' dir='ltr'><strong>Jamque</strong></span> <span class='ocrx_word' id='word_1_178' title='bbox 482 2411 561 2468; x_wconf 88' lang='lat' dir='ltr'><strong>haud</strong></span> <span class='ocrx_word' id='word_1_179' title='bbox 583 2411 685 2488; x_wconf 89' lang='lat' dir='ltr'><strong>proeul</strong></span> <span class='ocrx_word' id='word_1_180' title='bbox 698 2410 807 2470; x_wconf 82' lang='lat' dir='ltr'><strong>oraouli</strong></span> <span class='ocrx_word' id='word_1_181' title='bbox 828 2409 897 2470; x_wconf 83' lang='lat' dir='ltr'><strong>seda</strong></span> <span class='ocrx_word' id='word_1_182' title='bbox 916 2410 1045 2483; x_wconf 84' lang='lat' dir='ltr'><strong>aberant,</strong></span> <span class='ocrx_word' id='word_1_183' title='bbox 1060 2410 1130 2468; x_wconf 78' lang='lat' dir='ltr'><strong>erim</strong></span> <span class='ocrx_word' id='word_1_184' title='bbox 1141 2429 1216 2470; x_wconf 86' lang='lat' dir='ltr'><strong>oom-</strong></span> 
     </span>
     <span class='ocr_line' id='line_1_23' title="bbox 206 2503 1217 2583; baseline 0.005 -23"><span class='ocrx_word' id='word_1_185' title='bbox 206 2503 304 2580; x_wconf 86' lang='lat' dir='ltr'><strong>plures</strong></span> <span class='ocrx_word' id='word_1_186' title='bbox 330 2504 409 2562; x_wconf 75' lang='lat' dir='ltr'><strong>torvi</strong></span> <span class='ocrx_word' id='word_1_187' title='bbox 430 2503 538 2579; x_wconf 76' lang='lat' dir='ltr'><strong>agmini</strong></span> <span class='ocrx_word' id='word_1_188' title='bbox 561 2511 724 2578; x_wconf 77' lang='lat' dir='ltr'><strong>oeenmuut,</strong></span> <span class='ocrx_word' id='word_1_189' title='bbox 751 2505 987 2583; x_wconf 24' lang='lat' dir='ltr'><strong>modieo&#39;voletu</strong></span> <span class='ocrx_word' id='word_1_190' title='bbox 1013 2505 1107 2582; x_wconf 87' lang='lat' dir='ltr'><strong>prima</strong></span> <span class='ocrx_word' id='word_1_191' title='bbox 1134 2507 1217 2583; x_wconf 80' lang='lat' dir='ltr'><strong>signa</strong></span> 
     </span>
     <span class='ocr_line' id='line_1_24' title="bbox 206 2595 1216 2677; baseline 0.006 -23"><span class='ocrx_word' id='word_1_192' title='bbox 206 2595 424 2654; x_wconf 84' lang='lat' dir='ltr'><strong>anteeedentes:</strong></span> <span class='ocrx_word' id='word_1_193' title='bbox 446 2604 476 2654; x_wconf 91' lang='lat' dir='ltr'><strong>et</strong></span> <span class='ocrx_word' id='word_1_194' title='bbox 498 2597 584 2656; x_wconf 79' lang='lat' dir='ltr'><strong>modo</strong></span> <span class='ocrx_word' id='word_1_195' title='bbox 604 2597 685 2659; x_wconf 84' lang='lat' dir='ltr'><strong>humi</strong></span> <span class='ocrx_word' id='word_1_196' title='bbox 705 2599 880 2672; x_wconf 76' lang='lat' dir='ltr'>residebant,</span> <span class='ocrx_word' id='word_1_197' title='bbox 896 2600 964 2660; x_wconf 76' lang='lat' dir='ltr'><strong>euim</strong></span> <span class='ocrx_word' id='word_1_198' title='bbox 984 2599 1096 2658; x_wconf 76' lang='lat' dir='ltr'><strong>leutius</strong></span> <span class='ocrx_word' id='word_1_199' title='bbox 1112 2619 1216 2677; x_wconf 81' lang='lat' dir='ltr'><strong>agmen</strong></span> 
     </span>
     <span class='ocr_line' id='line_1_25' title="bbox 207 2691 1215 2775; baseline 0.006 -25"><span class='ocrx_word' id='word_1_200' title='bbox 207 2691 360 2766; x_wconf 74' lang='lat' dir='ltr'><strong>morderet,</strong></span> <span class='ocrx_word' id='word_1_201' title='bbox 374 2691 459 2752; x_wconf 74' lang='lat' dir='ltr'><strong>modo</strong></span> <span class='ocrx_word' id='word_1_202' title='bbox 483 2711 514 2751; x_wconf 91' lang='lat' dir='ltr'><strong>se</strong></span> <span class='ocrx_word' id='word_1_203' title='bbox 536 2692 638 2769; x_wconf 85' lang='lat' dir='ltr'><strong>pennis</strong></span> <span class='ocrx_word' id='word_1_204' title='bbox 656 2691 801 2768; x_wconf 76' lang='lat' dir='ltr'>levabant,</span> <span class='ocrx_word' id='word_1_205' title='bbox 819 2693 1081 2760; x_wconf 82' lang='lat' dir='ltr'><strong>¹⁸auteoedeutium</strong></span> <span class='ocrx_word' id='word_1_206' title='bbox 1101 2695 1215 2775; x_wconf 87' lang='lat' dir='ltr'><strong>iterque</strong></span> 
     </span>
     <span class='ocr_line' id='line_1_26' title="bbox 208 2787 1214 2852; baseline 0.002 -4"><span class='ocrx_word' id='word_1_207' title='bbox 208 2788 432 2848; x_wconf 71' lang='lat' dir='ltr'><strong>monstrantium</strong></span> <span class='ocrx_word' id='word_1_208' title='bbox 444 2787 512 2848; x_wconf 89' lang='lat' dir='ltr'><strong>ritu.</strong></span> <span class='ocrx_word' id='word_1_209' title='bbox 555 2787 685 2848; x_wconf 71' lang='lat' dir='ltr'><strong>Tandem</strong></span> <span class='ocrx_word' id='word_1_210' title='bbox 697 2788 736 2847; x_wconf 85' lang='lat' dir='ltr'><strong>sd</strong></span> <span class='ocrx_word' id='word_1_211' title='bbox 750 2788 848 2847; x_wconf 85' lang='lat' dir='ltr'><strong>sedem</strong></span> <span class='ocrx_word' id='word_1_212' title='bbox 862 2796 1058 2848; x_wconf 78' lang='lat' dir='ltr'><strong>conseeratem</strong></span> <span class='ocrx_word' id='word_1_213' title='bbox 1072 2790 1135 2850; x_wconf 86' lang='lat' dir='ltr'><strong>Deo</strong></span> <span class='ocrx_word' id='word_1_214' title='bbox 1149 2811 1214 2852; x_wconf 87' lang='lat' dir='ltr'><strong>veu-</strong></span> 
     </span>
     <span class='ocr_line' id='line_1_27' title="bbox 206 2883 1208 2959; baseline 0.006 -19"><span class='ocrx_word' id='word_1_215' title='bbox 206 2890 269 2940; x_wconf 90' lang='lat' dir='ltr'><strong>tum</strong></span> <span class='ocrx_word' id='word_1_216' title='bbox 283 2891 335 2944; x_wconf 82' lang='lat' dir='ltr'><strong>est</strong></span> <span class='ocrx_word' id='word_1_217' title='bbox 379 2883 554 2944; x_wconf 85' lang='lat' dir='ltr'><strong>Iueredibile</strong></span> <span class='ocrx_word' id='word_1_218' title='bbox 568 2883 658 2958; x_wconf 83' lang='lat' dir='ltr'><strong>dieto,</strong></span> <span class='ocrx_word' id='word_1_219' title='bbox 672 2883 748 2942; x_wconf 85' lang='lat' dir='ltr'><strong>inter</strong></span> <span class='ocrx_word' id='word_1_220' title='bbox 760 2891 859 2944; x_wconf 80' lang='lat' dir='ltr'><strong>vastes</strong></span> <span class='ocrx_word' id='word_1_221' title='bbox 881 2884 1055 2944; x_wconf 75' lang='lat' dir='ltr'><strong>solitudines</strong></span> <span class='ocrx_word' id='word_1_222' title='bbox 1078 2885 1144 2959; x_wconf 88' lang='lat' dir='ltr'><strong>site,</strong></span> <span class='ocrx_word' id='word_1_223' title='bbox 1165 2905 1208 2946; x_wconf 87' lang='lat' dir='ltr'><strong>un-</strong></span> 
     </span>
     <span class='ocr_line' id='line_1_28' title="bbox 206 2977 1211 3054; baseline 0.006 -20"><span class='ocrx_word' id='word_1_224' title='bbox 206 2977 293 3054; x_wconf 83' lang='lat' dir='ltr'><strong>dique</strong></span> <span class='ocrx_word' id='word_1_225' title='bbox 315 2979 508 3040; x_wconf 79' lang='lat' dir='ltr'><strong>ambientibus</strong></span> <span class='ocrx_word' id='word_1_226' title='bbox 529 2979 625 3052; x_wconf 81' lang='lat' dir='ltr'><strong>remis,</strong></span> <span class='ocrx_word' id='word_1_227' title='bbox 648 2978 667 3006; x_wconf 83' lang='lat'><strong>¹⁴</strong></span> <span class='ocrx_word' id='word_1_228' title='bbox 676 2978 727 3040; x_wconf 79' lang='lat' dir='ltr'><strong>vix</strong></span> <span class='ocrx_word' id='word_1_229' title='bbox 748 2977 918 3040; x_wconf 87' lang='lat' dir='ltr'><strong>indensem</strong></span> <span class='ocrx_word' id='word_1_230' title='bbox 942 2979 1075 3038; x_wconf 87' lang='lat' dir='ltr'><strong>umbram</strong></span> <span class='ocrx_word' id='word_1_231' title='bbox 1088 2979 1211 3040; x_wconf 79' lang='lat' dir='ltr'><strong>cedente</strong></span> 
     </span>
     <span class='ocr_line' id='line_1_29' title="bbox 207 3070 1212 3152; baseline 0.004 -22"><span class='ocrx_word' id='word_1_232' title='bbox 207 3070 277 3144; x_wconf 88' lang='lat' dir='ltr'><strong>sole,</strong></span> <span class='ocrx_word' id='word_1_233' title='bbox 305 3079 436 3130; x_wconf 87' lang='lat' dir='ltr'><strong>eonteete</strong></span> <span class='ocrx_word' id='word_1_234' title='bbox 458 3081 522 3132; x_wconf 88' lang='lat' dir='ltr'><strong>est:</strong></span> <span class='ocrx_word' id='word_1_235' title='bbox 543 3073 685 3152; x_wconf 87' lang='lat' dir='ltr'><strong>multique</strong></span> <span class='ocrx_word' id='word_1_236' title='bbox 709 3073 814 3147; x_wconf 77' lang='lat' dir='ltr'><strong>fontes,</strong></span> <span class='ocrx_word' id='word_1_237' title='bbox 838 3073 973 3133; x_wconf 84' lang='lat' dir='ltr'><strong>duleibua</strong></span> <span class='ocrx_word' id='word_1_238' title='bbox 997 3073 1081 3151; x_wconf 86' lang='lat' dir='ltr'><strong>aquis</strong></span> <span class='ocrx_word' id='word_1_239' title='bbox 1102 3077 1212 3150; x_wconf 78' lang='lat' dir='ltr'><strong>passim</strong></span> 
     </span>
     <span class='ocr_line' id='line_1_30' title="bbox 206 3165 1211 3246; baseline 0.003 -23"><span class='ocrx_word' id='word_1_240' title='bbox 206 3165 399 3240; x_wconf 85' lang='lat' dir='ltr'><strong>manantibus,</strong></span> <span class='ocrx_word' id='word_1_241' title='bbox 422 3165 505 3226; x_wconf 90' lang='lat' dir='ltr'><strong>alunt</strong></span> <span class='ocrx_word' id='word_1_242' title='bbox 529 3168 635 3245; x_wconf 74' lang='lat' dir='ltr'><strong>sylves.</strong></span> <span class='ocrx_word' id='word_1_243' title='bbox 679 3167 700 3196; x_wconf 79' lang='lat'><strong>¹⁶</strong></span> <span class='ocrx_word' id='word_1_244' title='bbox 714 3165 789 3228; x_wconf 77' lang='lat' dir='ltr'><strong>(ioeli</strong></span> <span class='ocrx_word' id='word_1_245' title='bbox 815 3184 930 3246; x_wconf 87' lang='lat' dir='ltr'><strong>queque</strong></span> <span class='ocrx_word' id='word_1_246' title='bbox 956 3167 1031 3226; x_wconf 85' lang='lat' dir='ltr'><strong>mira</strong></span> <span class='ocrx_word' id='word_1_247' title='bbox 1050 3168 1211 3244; x_wconf 81' lang='lat' dir='ltr'><strong>temperies,</strong></span> 
     </span>
     <span class='ocr_line' id='line_1_31' title="bbox 205 3261 1213 3340; baseline 0.002 -20"><span class='ocrx_word' id='word_1_248' title='bbox 205 3278 295 3320; x_wconf 86' lang='lat' dir='ltr'><strong>verno</strong></span> <span class='ocrx_word' id='word_1_249' title='bbox 316 3261 440 3337; x_wconf 83' lang='lat' dir='ltr'><strong>tempori</strong></span> <span class='ocrx_word' id='word_1_250' title='bbox 460 3262 586 3320; x_wconf 75' lang='lat' dir='ltr'><strong>maxime</strong></span> <span class='ocrx_word' id='word_1_251' title='bbox 609 3263 721 3337; x_wconf 89' lang='lat' dir='ltr'><strong>similis,</strong></span> <span class='ocrx_word' id='word_1_252' title='bbox 736 3282 834 3322; x_wconf 88' lang='lat' dir='ltr'><strong>omnes</strong></span> <span class='ocrx_word' id='word_1_253' title='bbox 856 3263 924 3320; x_wconf 91' lang='lat' dir='ltr'><strong>euni</strong></span> <span class='ocrx_word' id='word_1_254' title='bbox 944 3269 1042 3340; x_wconf 82' lang='lat' dir='ltr'><strong>partes</strong></span> <span class='ocrx_word' id='word_1_255' title='bbox 1061 3263 1126 3338; x_wconf 86' lang='lat' dir='ltr'><strong>pari</strong></span> <span class='ocrx_word' id='word_1_256' title='bbox 1139 3263 1213 3322; x_wconf 78' lang='lat' dir='ltr'><strong>salu</strong></span> 
     </span>
     <span class='ocr_line' id='line_1_32' title="bbox 205 3354 1211 3433; baseline -0.002 -15"><span class='ocrx_word' id='word_1_257' title='bbox 205 3354 313 3418; x_wconf 88' lang='lat' dir='ltr'><strong>britate</strong></span> <span class='ocrx_word' id='word_1_258' title='bbox 333 3355 483 3432; x_wconf 82' lang='lat' dir='ltr'><strong>pereurrit</strong></span> <span class='ocrx_word' id='word_1_259' title='bbox 526 3355 672 3416; x_wconf 79' lang='lat' dir='ltr'><strong>1⁸Aoeolse</strong></span> <span class='ocrx_word' id='word_1_260' title='bbox 692 3357 770 3416; x_wconf 86' lang='lat' dir='ltr'><strong>sedis</strong></span> <span class='ocrx_word' id='word_1_261' title='bbox 793 3363 862 3416; x_wconf 87' lang='lat' dir='ltr'><strong>suut</strong></span> <span class='ocrx_word' id='word_1_262' title='bbox 884 3357 921 3418; x_wconf 86' lang='lat' dir='ltr'><strong>ab</strong></span> <span class='ocrx_word' id='word_1_263' title='bbox 945 3355 1068 3418; x_wconf 85' lang='lat' dir='ltr'><strong>Oriente</strong></span> <span class='ocrx_word' id='word_1_264' title='bbox 1088 3358 1211 3433; x_wconf 85' lang='lat' dir='ltr'><strong>preximi</strong></span> 
     </span>
     <span class='ocr_line' id='line_1_33' title="bbox 207 3449 1280 3544; baseline -0.003 -32"><span class='ocrx_word' id='word_1_265' title='bbox 207 3449 397 3528; x_wconf 79' lang='lat' dir='ltr'><strong>AEthiopum:</strong></span> <span class='ocrx_word' id='word_1_266' title='bbox 417 3449 449 3508; x_wconf 90' lang='lat' dir='ltr'><strong>in</strong></span> <span class='ocrx_word' id='word_1_267' title='bbox 470 3449 626 3510; x_wconf 83' lang='lat' dir='ltr'><strong>Meridiem</strong></span> <span class='ocrx_word' id='word_1_268' title='bbox 638 3453 742 3512; x_wconf 75' lang='lat' dir='ltr'><strong>verens</strong></span> <span class='ocrx_word' id='word_1_269' title='bbox 757 3452 871 3513; x_wconf 80' lang='lat' dir='ltr'><strong>Arabes</strong></span> <span class='ocrx_word' id='word_1_270' title='bbox 896 3458 1036 3530; x_wconf 75' lang='lat' dir='ltr'><strong>spectent,</strong></span> <span class='ocrx_word' id='word_1_271' title='bbox 1056 3450 1210 3530; x_wconf 65' lang='lat' dir='ltr'><strong>Troglody·</strong></span> <span class='ocrx_word' id='word_1_272' title='bbox 1279 3487 1280 3544; x_wconf 46' lang='lat' dir='ltr'><strong>p</strong></span> 
     </span>
     <span class='ocr_line' id='line_1_34' title="bbox 205 3543 1280 3626; baseline 0.002 -24"><span class='ocrx_word' id='word_1_273' title='bbox 205 3545 247 3604; x_wconf 81' lang='lat' dir='ltr'><strong>tis</strong></span> <span class='ocrx_word' id='word_1_274' title='bbox 271 3565 428 3624; x_wconf 75' lang='lat' dir='ltr'><strong>cognomen</strong></span> <span class='ocrx_word' id='word_1_275' title='bbox 451 3552 506 3604; x_wconf 89' lang='lat' dir='ltr'><strong>est.</strong></span> <span class='ocrx_word' id='word_1_276' title='bbox 560 3543 689 3614; x_wconf 85' lang='lat' dir='ltr'><strong>Quorum</strong></span> <span class='ocrx_word' id='word_1_277' title='bbox 713 3547 793 3625; x_wconf 87' lang='lat' dir='ltr'><strong>regio</strong></span> <span class='ocrx_word' id='word_1_278' title='bbox 815 3565 907 3626; x_wconf 84' lang='lat' dir='ltr'><strong>usque</strong></span> <span class='ocrx_word' id='word_1_279' title='bbox 931 3547 970 3606; x_wconf 88' lang='lat' dir='ltr'><strong>ed</strong></span> <span class='ocrx_word' id='word_1_280' title='bbox 994 3546 1114 3606; x_wconf 86' lang='lat' dir='ltr'><strong>rubrum</strong></span> <span class='ocrx_word' id='word_1_281' title='bbox 1134 3567 1212 3608; x_wconf 86' lang='lat' dir='ltr'><strong>mare</strong></span> <span class='ocrx_word' id='word_1_282' title='bbox 1279 3547 1280 3604; x_wconf 79' lang='lat' dir='ltr'><strong>i</strong></span> 
     </span>
     <span class='ocr_line' id='line_1_35' title="bbox 205 3639 1213 3720; baseline 0.003 -22"><span class='ocrx_word' id='word_1_283' title='bbox 205 3643 340 3700; x_wconf 81' lang='lat' dir='ltr'><strong>exeurrit</strong></span> <span class='ocrx_word' id='word_1_284' title='bbox 383 3640 498 3719; x_wconf 76' lang='lat' dir='ltr'><strong>Atqui</strong></span> <span class='ocrx_word' id='word_1_285' title='bbox 511 3639 659 3717; x_wconf 74' lang='lat' dir='ltr'><strong>vergitur</strong></span> <span class='ocrx_word' id='word_1_286' title='bbox 675 3639 868 3718; x_wconf 84' lang='lat' dir='ltr'><strong>Oeoidentem,</strong></span> <span class='ocrx_word' id='word_1_287' title='bbox 877 3641 929 3702; x_wconf 87' lang='lat' dir='ltr'><strong>alii</strong></span> <span class='ocrx_word' id='word_1_288' title='bbox 940 3640 1213 3720; x_wconf 77' lang='lat' dir='ltr'><strong>AEthiopeseolunt,</strong></span> 
     </span>
     <span class='ocr_line' id='line_1_36' title="bbox 204 3734 1280 3820; baseline 0.004 -28"><span class='ocrx_word' id='word_1_289' title='bbox 204 3753 279 3812; x_wconf 83' lang='lat' dir='ltr'><strong>quos</strong></span> <span class='ocrx_word' id='word_1_290' title='bbox 304 3738 439 3796; x_wconf 64' lang='lat' dir='ltr'><strong>monae</strong></span> <span class='ocrx_word' id='word_1_291' title='bbox 465 3741 592 3798; x_wconf 74' lang='lat' dir='ltr'><strong>rotent:</strong></span> <span class='ocrx_word' id='word_1_292' title='bbox 625 3753 644 3794; x_wconf 82' lang='lat' dir='ltr'><strong>s</strong></span> <span class='ocrx_word' id='word_1_293' title='bbox 671 3734 873 3814; x_wconf 83' lang='lat' dir='ltr'><strong>Septentrioue</strong></span> <span class='ocrx_word' id='word_1_294' title='bbox 908 3737 1090 3796; x_wconf 78' lang='lat' dir='ltr'><strong>Nasamones</strong></span> <span class='ocrx_word' id='word_1_295' title='bbox 1124 3745 1212 3816; x_wconf 76' lang='lat' dir='ltr'><strong>aunt3</strong></span> <span class='ocrx_word' id='word_1_296' title='bbox 1279 3757 1280 3820; x_wconf 63' lang='grc' dir='ltr'>ι</span> 
     </span>
     <span class='ocr_line' id='line_1_37' title="bbox 204 3827 1280 3932; baseline 0.006 -44"><span class='ocrx_word' id='word_1_297' title='bbox 204 3846 276 3908; x_wconf 80' lang='lat' dir='ltr'><strong>gens</strong></span> <span class='ocrx_word' id='word_1_298' title='bbox 299 3827 423 3908; x_wconf 73' lang='lat' dir='ltr'><strong>Syrtim,</strong></span> <span class='ocrx_word' id='word_1_299' title='bbox 439 3830 652 3897; x_wconf 76' lang='lat' dir='ltr'><strong>¹&#39;assiriorum</strong></span> <span class='ocrx_word' id='word_1_300' title='bbox 673 3831 774 3910; x_wconf 85' lang='lat' dir='ltr'><strong>spoliis</strong></span> <span class='ocrx_word' id='word_1_301' title='bbox 794 3839 967 3912; x_wconf 82' lang='lat' dir='ltr'><strong>quaestuose.</strong></span> <span class='ocrx_word' id='word_1_302' title='bbox 1011 3830 1125 3910; x_wconf 78' lang='lat' dir='ltr'><strong>Quippe</strong></span> <span class='ocrx_word' id='word_1_303' title='bbox 1139 3830 1212 3894; x_wconf 89' lang='lat' dir='ltr'><strong>obsi·</strong></span> <span class='ocrx_word' id='word_1_304' title='bbox 1279 3863 1280 3932; x_wconf 51' lang='lat' dir='ltr'><strong>p</strong></span> 
     </span>
     <span class='ocr_line' id='line_1_38' title="bbox 1279 3939 1280 3990; baseline 0 0"><span class='ocrx_word' id='word_1_305' title='bbox 1279 3939 1280 3990; x_wconf 73' lang='lat' dir='ltr'><strong>i</strong></span> 
     </span>
     <span class='ocr_line' id='line_1_39' title="bbox 1279 4055 1280 4094; baseline 0 0"><span class='ocrx_word' id='word_1_306' title='bbox 1279 4055 1280 4094; x_wconf 77' lang='grc' dir='ltr'>ι</span> 
     </span>
    </p>
   </div>
   <div class='ocr_carea' id='block_1_4' title="bbox 0 0 1304 4394">
    <p class='ocr_par' dir='ltr' id='par_1_5' title="bbox 0 0 1304 4394">
     <span class='ocr_line' id='line_1_40' title="bbox 0 0 1304 4394; baseline 0 1"><span class='ocrx_word' id='word_1_307' title='bbox 0 0 1304 4394; x_wconf 95' lang='lat' dir='ltr'><strong> </strong></span> 
     </span>
    </p>
   </div>
  </div>
 </body>
</html>
