2622 4382
338 383 465 426 arnna
497 383 530 426 x.
560 381 647 426 cnr.
676 381 732 426 rr.
978 367 1039 428 257

75 525 175 604 lisque
187 529 225 586 ut
235 527 318 604 justo
327 525 422 602 major
436 524 552 603 cupido,
573 523 617 582 its
630 531 667 582 ut
677 523 778 602 juveni
792 530 824 583 st
843 523 874 582 in
887 523 1037 594 tantisad·

75 621 164 680 tenda
177 620 282 696 rabus3
301 623 362 698 jam
372 621 466 698 pietas
480 639 549 700 erga
562 628 706 698 parentes,
721 637 845 699 quorum
862 619 1038 700 Olympiada

75 716 236 776 cartalitati
246 735 414 776 consecrare
424 716 600 791 decreverat,
610 715 783 794 Philippum
791 714 874 774 ultirs
883 725 962 793 erat3
976 719 1038 794 jam

75 831 165 871 amnes
186 813 250 872 fars
272 813 380 872 amicos
401 801 575 891 benignitas,
597 831 667 892 erga
686 813 795 870 milites
817 812 1036 890 benevolentia3

75 908 205 968 insilium
218 927 272 986 par
290 907 488 987 magnitudini
509 907 616 984 auimi3
640 915 672 967 et
690 915 832 987 quantum
854 908 904 967 rix
924 916 1040 986 poterat

76 1023 90 1062 s
105 1007 171 1081 ejus
184 1023 295 1082 capere,
311 1003 450 1080 solertia;
471 1003 577 1062 modus
590 1004 811 1064 immodicarum
826 1003 1038 1082 cupiditatum,

77 1099 173 1159 eneris
187 1100 267 1160 intra
279 1099 415 1158 naturale
429 1099 608 1158 desiderium
616 1119 696 1173 naus,
707 1119 759 1158 nec
769 1099 840 1174 ulla,
855 1099 914 1158 nisi
929 1119 966 1158 ex
976 1117 1038 1178 pcr-

75 1213 107 1254 so
127 1195 285 1273 voluptas,
308 1196 328 1224 ¹⁹
337 1195 470 1273 ingentes
490 1195 622 1270 profectd
643 1195 727 1253 dotes
747 1201 838 1253 erant
881 1196 1039 1256 ”Illafor

75 1309 115 1350 ac:
139 1291 207 1349 Diis
220 1307 336 1368 aequare
351 1307 391 1362 se,
406 1296 437 1347 et
448 1289 583 1348 caelestes
596 1289 721 1348 honores
741 1309 897 1367 accersere,
917 1298 948 1349 et
969 1291 1038 1348 talia

75 1385 213 1444 dentibus
227 1383 495 1459 craculiscrederc3
518 1391 548 1442 et
558 1383 783 1463 dedignantibus
791 1385 924 1445 venerari
935 1385 1031 1462 ipsum

77 1479 237 1554 ementids,
259 1480 349 1558 qndm
367 1499 420 1557 par
443 1485 529 1552 esset,
555 1479 658 1538 irasci:
679 1479 709 1537 in
731 1487 886 1539 externum
908 1481 1040 1540 habitum

75 1583 136 1634 tare
150 1575 280 1653 corporis
299 1575 428 1634 cultum:
441 1573 559 1634 imitari
578 1575 760 1634 devictarum
781 1575 912 1654 gentium
935 1593 1040 1652 mores,

75 1690 93 1729 s
107 1679 175 1730 ante
188 1671 339 1730 victoriam
352 1677 510 1750 spreverat.
553 1669 631 1730 Nam
641 1670 820 1730 iracundiam
834 1679 865 1731 et
875 1671 1041 1752 cupidinem

75 1767 89 1840 i,
106 1766 195 1825 sicuti
205 1769 327 1844 juventa
340 1766 514 1840 irritaverat,
529 1765 573 1824 ita
587 1773 722 1828 senectus
734 1767 872 1846 mitigare
886 1769 1039 1848 potuisset.

75 1863 190 1922 :endum
204 1869 371 1938 esttamen,
385 1863 454 1921 cdm
467 1863 487 1892 ¹¹
496 1863 655 1940 plurimum
676 1863 781 1922 virtuti
803 1863 950 1940 debuerit,
974 1863 1042 1943 plns

75 1959 159 2018 uisse
171 1959 305 2034 fortunae,
320 1977 408 2038 quam
421 1957 502 2017 solus
513 1959 644 2017 omnium
657 1959 826 2018 mortalium
846 1960 876 2018 in
894 1967 1041 2038 potestate

75 2055 134 2112 anit.
178 2053 301 2124 Quoties
315 2054 400 2112 illurn
414 2060 539 2111 amortc
553 2053 724 2112 revocavit?
744 2055 859 2132 quoties
880 2056 990 2113 temere
1010 2055 1042 2113 in

76 2150 154 2208 icula
172 2156 288 2208 rectum
307 2153 451 2228 perpetui
469 2149 611 2207 felicitato
632 2149 783 2226 protexit?
826 2149 909 2210 Vitae
927 2169 1043 2228 quoque

75 2265 109 2302 an
123 2243 258 2303 eumdem
271 2244 324 2318 illi,
339 2263 425 2322 quem
438 2243 548 2321 gloriae,
564 2243 680 2302 statuit.
723 2243 746 2274 ¹⁸
755 2243 956 2322 Expectavtre
977 2263 1042 2303 eum

75 2361 91 2414 ι,
108 2339 179 2397 dum
195 2338 318 2400 Oriente
331 2339 502 2417 perdomito,
517 2339 654 2418 aditoque
671 2337 797 2414 Oceano,
813 2340 955 2420 quidquid
968 2361 1043 2400 mor·

75 2443 124 2494 tas
138 2435 280 2512 capiebat,
291 2433 435 2512 impleret.
458 2433 539 2492 Huic
549 2433 626 2512 Regi
634 2433 767 2514 Ducique
778 2453 924 2494 successor
934 2455 1042 2516 quares

76 2551 117 2588 nr.
161 2531 221 2591 Sed
235 2532 329 2608 major
343 2530 462 2590 ²'moles
476 2537 547 2605 crat,
557 2531 690 2610 qudmut
702 2549 779 2590 nnus
793 2531 892 2592 subire
906 2551 968 2591 eam
979 2551 1043 2611 pos·

75 2673 77 2684 .
120 2627 225 2707 Itaque
238 2645 343 2686 nomen
356 2627 472 2706 qudquc
486 2629 560 2705 ejus,
575 2633 606 2686 et
618 2627 696 2685 fama
709 2645 816 2703 rerum,
827 2627 859 2686 in
872 2635 968 2688 totum
978 2647 1042 2706 pro

75 2722 178 2781 nodum
192 2723 292 2783 orbem
306 2722 405 2800 Reges
426 2741 459 2780 ac
472 2741 563 2800 regna
583 2721 717 2781 diffudit:
740 2723 953 2802 clarissimique
975 2729 1045 2782 sunt

75 2819 129 2891 ati,
142 2817 221 2896 ¹‘qui
234 2819 323 2876 ctiam
333 2819 463 2877 minimas
475 2817 555 2895 parti
567 2825 659 2876 tantae
672 2819 800 2878 fcrtnnce
814 2818 1008 2877 adhaeserunt.

89 2912 149 2971 VI.
175 2915 218 2970 16.
242 2911 389 2972 Ossterdm
410 2913 562 2990 Babylone
585 2913 667 2988 (indd
692 2913 770 2971 enim
791 2913 912 2973 divertit
936 2914 1044 2996 oratio)

75 3008 157 3085 ¹poris
171 3007 235 3084 ejus
249 3008 395 3082 custodes,
409 3009 441 3067 in
449 3009 557 3086 regiam
565 3007 712 3086 principes
721 3009 887 3086 amicorum,
899 3009 1044 3092 ducesque

75 3106 177 3163 riarum
198 3102 394 3162 advocavero:
415 3111 514 3161 secuta
535 3111 580 3162 est
599 3102 727 3162 militnm
748 3105 843 3180 turba,
865 3107 1045 3185 cupientium

75 3220 113 3274 re,
141 3199 172 3257 in
192 3217 280 3278 quem
309 3197 473 3257 Alexandri
494 3198 611 3257 fortuna
631 3206 709 3259 esset
732 3201 899 3262 transitura
953 3177 1045 3263 Minci

75 3314 127 3368 ces,
136 3293 300 3374 frequentib
310 3293 438 3352 militum
447 3293 568 3370 exclusi,
579 3295 689 3373 regiam
700 3295 808 3356 intrare
821 3315 879 3356 non
889 3305 1025 3376 poterant
1036 3315 1043 3373 3

75 3411 98 3447 m
111 3409 213 3468 praeco,
228 3390 374 3468 ¹exceptis
388 3389 439 3470 qui
457 3390 629 3450 nominatim
643 3391 812 3469 citarentur,
834 3393 915 3452 adire
930 3391 1046 3470 prohib·

75 3494 104 3545 rt.
148 3485 206 3546 Sed
228 3485 411 3564 ¹precarium
435 3485 625 3565 spernebatur
644 3487 806 3566 imperium.
850 3489 897 3547 Ac
918 3487 1047 3564 primdm

75 3584 157 3641 {latus
170 3582 274 3660 ingens
285 3581 475 3663 ploratusque
488 3590 643 3643 renovatus
658 3591 711 3642 est.
755 3583 870 3643 Deindd
884 3581 979 3640 futuri
1000 3599 1047 3640 ex·

75 3679 158 3738 static
171 3677 305 3738 inhibitis
325 3677 462 3756 lacrymis
482 3677 633 3738 silentium
655 3677 733 3738 fecit.
777 3677 859 3734 Tunc
881 3673 1047 3755 Perdiccas,

75 3775 115 3852 gis
128 3773 199 3831 salli
212 3773 243 3830 in
258 3779 442 3850 conspectum
455 3773 537 3852 vulgi
552 3775 631 3847 datt,
646 3773 676 3830 in
690 3775 749 3850 qud
760 3769 893 3830 diadema
902 3771 1049 3852 vestisque

75 3868 197 3928 ,exandri
210 3887 276 3927 cum
290 3867 378 3926 armis
393 3875 484 3943 eraut,
506 3868 655 3940 annulum,
677 3865 735 3926 sibi
753 3865 849 3944 pridie
871 3865 1014 3928 traditum
1033 3887 1051 3927 a
