2622 4382
187 337 249 398 246
536 351 675 402 curaer
703 351 846 395 ooarrr

186 492 304 552 alonae
318 491 383 552 emi.
428 489 552 550 Plenum
576 508 640 552 esse
660 489 824 552 belluarum
841 509 938 567 mere3
961 490 1055 550 ‘astu
1075 489 1208 552 emunda

185 587 326 663 sesterti,
339 607 509 666 magnarum
530 588 648 646 navium
667 606 788 665 corpore
811 593 978 665 aequantes:
1000 587 1094 646 'truci
1114 593 1209 646 cantu

185 680 341 740 deterritas
356 683 439 760 sequi
462 681 593 756 classem,
608 701 675 740 oum
696 701 800 760 magno
823 681 947 759 aequoris
968 681 1102 758 strepitu,
1120 680 1208 740 velut

184 775 315 835 demersa
328 777 451 854 navigia,
467 775 580 836 subisse
595 796 692 856 aquas.
734 775 871 836 'Caetera
884 775 987 834 incolis
1001 775 1206 836 crediderant:

185 870 261 930 inter
280 891 346 952 quae
369 873 490 940 rubrum
512 891 600 946 mare,
615 891 674 932 non
695 872 822 932 aeolore
843 871 996 946 undarum,
1011 879 1046 930 nt
1069 871 1208 952 plerique
1259 871 1262 877 ’

184 965 342 1041 crederent,
359 967 410 1026 sed
424 967 461 1026 eb
476 966 608 1044 Erythra
625 967 708 1046 Rege
722 965 870 1044 appellari.
914 965 990 1026 Esse
1005 967 1083 1025 haud
1097 967 1207 1044 prconl

183 1082 200 1120 a
227 1061 387 1120 continenti
414 1060 539 1120 insulam
573 1061 678 1139 palmis
707 1061 908 1140 frequentibus
936 1061 1085 1140 consitam,
1112 1071 1145 1122 et
1175 1063 1208 1122 iu

182 1155 278 1214 medio
292 1156 353 1214 fere
375 1175 492 1214 nemore
506 1155 669 1216 columnam
690 1155 825 1232 eminere,
842 1156 981 1234 Erythrae
995 1157 1088 1234 Regis
1102 1175 1206 1218 monu-

183 1258 322 1326 mentum,
336 1251 445 1312 litteris
466 1253 562 1330 gentis
586 1255 650 1330 ejus
675 1253 819 1330 scriptam.
870 1252 1070 1330 Adjioiebant,
1083 1253 1208 1332 navigia

183 1365 249 1426 qnae
263 1347 338 1406 lixas
352 1355 583 1427 mercatoresque
596 1349 754 1421 rexissent,
769 1348 875 1406 samam
893 1348 959 1406 euri
974 1349 1084 1406 secutis
1096 1348 1207 1427 guber·

183 1443 343 1519 natoribus,
367 1445 397 1503 in
421 1444 547 1504 insulam
571 1465 634 1504 esse
661 1445 839 1518 transmissa,
862 1463 915 1504 neo
945 1443 1051 1505 deinde
1074 1444 1130 1504 lab
1157 1445 1206 1504 bis

183 1546 286 1615 postea
299 1539 370 1600 risa.
414 1539 482 1598 Rex
495 1540 686 1618 cognoscendi
694 1540 780 1618 plura
794 1539 930 1617 cupidine
940 1559 1086 1614 accensus,
1094 1541 1206 1600 rursds

184 1652 234 1692 sos
255 1635 273 1662 ¹⁰
282 1642 389 1692 terram
409 1635 505 1712 legere
526 1635 620 1712 jubet,
636 1635 726 1694 donec
751 1635 788 1694 ad
814 1635 997 1713 Euphratem
1019 1634 1206 1712 appellerent

182 1725 322 1802 classem3
353 1729 422 1786 inde
455 1729 577 1788 adverso
601 1749 684 1788 amne
712 1729 893 1808 Babylonem
918 1730 1074 1791 subituros.
1128 1729 1205 1808 Ipse

181 1821 278 1880 enimc
292 1821 405 1880 infinita
425 1822 594 1900 complexus
618 1831 771 1900 statueret,
787 1825 866 1884 omni
877 1875 879 1880 .
890 1825 927 1884 ad
944 1824 1095 1886 Orientem
1113 1827 1205 1888 mari·
1302 1863 1303 1884 2

182 1916 255 1974 time
268 1916 388 1996 regione
401 1917 575 1995 perdomita,
590 1938 627 1976 ex
649 1919 736 1996 Syrie
757 1926 855 1998 petere
870 1920 1011 1996 Africam,
1027 1919 1204 1999 Carthagini
1302 1955 1303 2024 ,

182 2011 336 2072 infensus:
371 2014 439 2072 inde
468 2013 618 2076 Numidia
649 2015 856 2076 solitudinibus
883 2017 1053 2094 peragratis,
1081 2037 1203 2078 cursum

183 2108 281 2170 (ledes
304 2110 438 2190 dirigere.
481 2110 531 2171 Ibi
552 2131 676 2190 namque
697 2111 847 2170 columnas
869 2111 1010 2172 Herculis
1034 2132 1106 2188 esse,
1120 2113 1204 2174 fama

181 2206 359 2286 vulgaverat
402 2207 562 2286 Hispanias
586 2207 701 2281 deinde,
722 2228 808 2287 quam
833 2207 963 2268 Iberiam
990 2207 1086 2270 Graeci
1109 2229 1128 2268 a
1147 2209 1203 2270 flu·

181 2303 259 2362 mine
273 2303 360 2364 Ibero
374 2304 525 2378 vocabant,
541 2305 561 2334 ¹¹
573 2304 664 2379 adire,
679 2311 709 2364 et
728 2304 902 2382 praetervehi
923 2303 1025 2382 Alpes,
1041 2305 1203 2386 Italiaeque

181 2417 270 2472 oram,
290 2399 370 2458 unde
394 2401 425 2458 in
450 2399 575 2478 Epirum
599 2401 695 2460 brevis
720 2420 821 2460 cursus
847 2407 902 2460 est.
942 2401 1043 2478 Igitur
1065 2401 1202 2480 Mesopo

181 2493 278 2552 tamise
293 2493 475 2554 Praetoribus
500 2495 660 2572 imperavit,
675 2496 798 2554 materia
812 2496 843 2554 in
865 2497 980 2557 Libano
1001 2505 1099 2558 monte
1112 2503 1202 2578 oaesei,
1302 2535 1303 2560 1

181 2585 359 2666 devectaque
373 2587 411 2646 ad
431 2587 531 2650 urbem
552 2589 646 2666 Syriae
669 2590 859 2668 Thapsacum,
875 2592 1104 2673 qctingenterum
1124 2595 1199 2656 cari·
1302 2655 1303 2672 ,

180 2701 233 2744 nas
246 2683 364 2745 navium
377 2704 500 2763 ponere,
523 2685 692 2762 septiremes
706 2706 806 2746 omnes
826 2707 898 2762 esse,
914 2688 1076 2768 deducique
1097 2683 1211 2768 Baby-⁴
1302 2725 1303 2734 κ

181 2781 296 2842 lenem:
319 2779 493 2860 Cypriorum
507 2781 641 2862 Regibus
663 2783 845 2860 imperatum,
858 2790 894 2842 ut
914 2804 965 2859 aes,
979 2792 1152 2865 stirpemque
1166 2794 1200 2846 et

181 2878 247 2938 vala
260 2878 428 2956 praeberent
472 2879 547 2938 Haeo
569 2879 677 2958 egenti,
692 2879 763 2938 Pori
777 2886 807 2936 et
828 2879 942 2939 Taxilis
957 2880 1074 2960 Regum
1087 2881 1199 2942 litterae

182 2973 347 3047 traduntur,
376 2975 531 3034 Abisarem
561 2975 671 3050 morbo,
700 2975 869 3053 Philippum
898 2976 1077 3038 Praefoetum
1104 2977 1198 3056 ipsius

180 3085 217 3124 ex
243 3067 364 3126 vulnere
391 3070 546 3145 interiisse,
574 3089 783 3150 oppressosque
810 3071 861 3150 qui
887 3070 1093 3132 vulnerassent
1120 3093 1195 3132 euna

182 3160 279 3238 igitur
294 3161 432 3240 Philippo
455 3165 608 3225 substituit
623 3165 848 3226 Eudaemonem:
878 3165 948 3226 Dux
962 3173 1026 3226 eret
1040 3167 1203 3237 Thracum,

181 3255 315 3316 Abisaris
329 3275 449 3333 rognum
461 3259 522 3318 filio
536 3263 599 3337 ejus
613 3262 758 3322 attribuit.

240 3356 265 3411 3.
298 3351 429 3412 Ventum
456 3360 503 3412 est
530 3355 635 3414 deiude
664 3357 864 3436 Parsagadas:
894 3356 1015 3418 Persica
1041 3365 1087 3420 est
1113 3377 1196 3438 gens,

180 3450 264 3526 eujus
280 3447 417 3526 Satrapes
434 3446 555 3509 Orsines
578 3457 648 3526 eret,
664 3451 817 3512 nobilitate
831 3473 864 3512 ee
879 3453 991 3514 divitiis
1005 3454 1196 3516 interamnae

180 3542 327 3606 Barbaros
349 3545 485 3604 eminens.
529 3543 629 3606 Genus
651 3547 776 3608 ducebat
797 3567 815 3605 a
837 3547 924 3625 (lyro,
945 3549 1091 3630 quondam
1111 3549 1196 3630 Rege

180 3637 344 3700 Persarum.
390 3639 468 3719 Opes
493 3647 523 3700 et
546 3661 563 3698 a
586 3641 746 3719 majoribus
769 3642 894 3704 traditas
920 3644 1055 3720 babebat,
1078 3652 1108 3704 et
1132 3646 1196 3724 ipsa

178 3733 266 3810 longa
286 3736 401 3814 imperii
424 3737 603 3814 possessione
617 3737 823 3798 cumulaverat.
867 3738 901 3798 Is
921 3739 1000 3820 Regi
1021 3759 1087 3798 oum
1101 3742 1195 3802 omnis

176 3827 291 3904 generis
305 3829 396 3906 donis,
411 3851 468 3892 non
490 3833 547 3912 ipsi
569 3832 655 3894 modo
671 3853 714 3908 ea,
728 3833 781 3894 sed
801 3834 890 3904 etiam
910 3834 1012 3896 amicis
1025 3837 1090 3912 ejas
1110 3835 1192 3900 datu·
