2520 4390
166 339 223 398 182
512 349 658 398 ouini
680 349 823 392 eunuu
924 413 927 446 Ι

161 493 251 556 stiam
270 515 291 552 a
310 492 417 572 quibus
441 490 527 569 prodi
549 495 656 568 potest,
670 497 705 550 ut
724 493 790 551 oum
803 494 840 552 de
862 511 894 554 se
915 493 1083 570 iateautur,
1107 493 1203 552 illum

161 597 260 650 tamen
273 589 376 648 oelent
420 585 570 648 Gmterdm
592 585 741 644 Philotam
761 586 854 663 ipsius
876 588 990 648 indicat
1004 588 1084 648 vita.
1136 589 1201 648 Hie

161 685 310 760 Amyntae,
324 683 377 762 qni
401 682 473 742 mihi
494 680 682 742 oonsobrinus
701 681 768 756 fuit,
784 689 815 741 st
836 683 868 742 in
892 683 1077 742 Maoedonis
1103 685 1200 762 oapiti

160 799 225 840 meo
248 779 354 857 impias
378 777 557 855 comparavit
581 775 712 850 insidias,
727 777 837 838 maium
858 798 890 838 se
914 786 946 836 et
969 780 1136 838 oonsoium
1151 780 1197 838 ad·

167 874 276 952 junxit
327 874 387 934 Hie
410 871 525 945 Attalo,
548 889 606 949 quo
629 871 793 950 potiorem
816 872 967 932 inimicum
993 892 1056 932 non
1088 874 1197 948 habui,

162 989 289 1033 sonorem
302 989 384 1028 suam
405 968 436 1026 in
457 966 674 1026 matrimonium
688 966 778 1026 dedit.
822 967 891 1044 Hio,
911 973 976 1028 oum
998 969 1196 1046 scripsissem

161 1065 263 1140 ei,pro
284 1066 351 1140 jure
374 1069 435 1120 tam
458 1061 609 1120 familiaris
631 1066 705 1120 usus
726 1069 814 1141 aulus
836 1065 983 1138 smioitiae,
997 1065 1106 1142 qualis
1131 1085 1194 1124 sors

161 1159 243 1218 edita
276 1164 364 1233 esset,
392 1157 479 1218 Jovis
513 1156 687 1216 Hammonis
721 1159 848 1231 oraculo,
876 1159 1018 1218 sustinuit
1056 1161 1194 1220 seribere

161 1254 242 1328 mihi,
256 1273 288 1314 se
309 1253 429 1332 quidem
451 1251 603 1330 gratulari,
615 1253 693 1330 qudd
713 1253 745 1310 in
765 1273 919 1314 numerum
939 1254 1075 1314 Deorum
1090 1276 1194 1332 recep

162 1359 211 1412 tus
233 1371 335 1424 omem,
360 1351 499 1410 osterum
517 1349 648 1408 misereri
670 1367 769 1408 eorum
789 1349 1077 1428 quibus'vivondum
1112 1359 1192 1410 esset

161 1447 216 1508 sub
242 1466 287 1521 eo,
309 1445 361 1524 qui
381 1445 499 1504 modum
522 1443 647 1504 hominis
674 1444 835 1504 exoederet
891 1445 966 1506 Heso
992 1452 1067 1505 sunt
1097 1447 1190 1506 etium

161 1543 260 1616 auimi,
284 1541 397 1618 pridem
419 1540 538 1598 alienati
559 1559 578 1598 a
600 1559 656 1612 me,
678 1546 709 1598 et
732 1539 891 1600 invidentis
910 1540 1015 1620 glories
1034 1561 1127 1617 mess,
1150 1543 1190 1602 in·

163 1637 257 1696 dicia:
278 1655 345 1714 qnae
367 1635 511 1714 equidem,
524 1634 642 1706 milites,
656 1635 745 1712 quim
759 1635 813 1692 did
837 1635 930 1710 liouit,
946 1636 977 1694 iu
1000 1635 1106 1696 animo
1122 1657 1187 1696 meo

160 1730 264 1810 pressi.
320 1730 452 1790 Videbar
486 1729 563 1788 enim
595 1729 668 1786 mihi
703 1737 816 1806 partem
844 1731 864 1758 ¹⁰
874 1731 1019 1790 viseerum
1046 1751 1185 1791 meorum

162 1827 339 1904 abrumpere,
355 1825 389 1896 si,
404 1823 435 1882 in
447 1843 521 1903 quos
535 1830 596 1882 tam
618 1843 723 1902 magns
736 1825 925 1897 eontnleram,
941 1826 961 1854 ¹¹
970 1825 1095 1884 viliores
1111 1827 1184 1884 mihi

160 1923 292 1982 laoerom
334 1919 395 1982 Sed
414 1921 477 1996 jam
498 1919 657 1980 nouverbs
679 1919 826 1996 punienda
846 1927 932 1996 sunt;
954 1920 1066 1998 lioguae
1092 1929 1182 1981 teme

160 2017 233 2077 ritas
259 2016 392 2094 pervenit
418 2014 456 2075 ad
480 2011 603 2093 gladios
646 2013 711 2072 Hos
733 2014 770 2089 (si
790 2015 863 2074 mihi
884 2015 1017 2094 creditis)
1039 2015 1180 2076 Philotas

160 2111 192 2172 in
204 2131 250 2172 me
264 2111 351 2170 nouit.
394 2109 443 2200 Id·
455 2109 480 2168 si
502 2110 564 2186 ipse
587 2108 713 2182 admisit,
728 2110 786 2186 qud
800 2129 846 2168 me
866 2111 1022 2184 oonferam,
1042 2111 1180 2172 milites?

160 2209 210 2268 nui
222 2215 310 2285 eaput
323 2225 420 2266 meum
433 2203 573 2264 oredam?
614 2203 778 2283 Equitatui,
792 2204 911 2283 optimos
925 2207 1075 2264 exereitus
1089 2209 1178 2284 parti,

160 2303 341 2380 prinoipibus
364 2301 553 2362 nobilissimae
570 2299 735 2376 juventutis
756 2319 846 2358 unum
872 2300 1007 2378 praefeci:
1042 2302 1177 2378 salutem,

162 2418 252 2475 spem,
266 2397 420 2456 victoriam
433 2416 537 2468 meam,
550 2395 620 2452 fidei
639 2397 702 2470 eJ’us
722 2395 881 2474 tutelaeqw
893 2396 1041 2456 oommisi:
1062 2405 1178 2474 patrem

160 2493 192 2552 iu
213 2491 291 2548 idem
312 2489 471 2564 fastigium,
485 2488 517 2546 iu
540 2507 596 2565 quo
623 2508 669 2546 me
693 2488 752 2566 ipsi
776 2490 923 2566 posuistis,
947 2490 1072 2550 admovi.
1116 2492 1176 2552 Me

161 2585 248 2660 dium,
270 2587 330 2663 qut
343 2582 426 2642 nulla
439 2582 603 2662 opulentior
623 2583 704 2662 regio
718 2593 774 2660 est,
789 2593 820 2646 et
841 2593 888 2644 tot
887 2585 1008 2658 nivium
1022 2587 1175 2646 sooiorum·

160 2700 218 2762 que
239 2679 341 2756 millia,
364 2679 484 2757 imperio
507 2680 572 2756 ejus
597 2678 758 2759 ditionique
787 2681 906 2758 subjeoi.
962 2681 1049 2742 Unde
1076 2684 1175 2761 prosi-

161 2777 242 2839 dium
263 2778 413 2857 petieram,
435 2774 597 2855 perieulum
620 2776 744 2834 exstitit.
789 2776 887 2847 Quum
914 2776 1040 2836 feliciter
1061 2779 1094 2836 iu
1114 2780 1175 2838 soie

161 2874 350 2949 occidissem,
372 2873 474 2950 potius
494 2871 588 2932 hostis
600 2871 710 2950 praeda,
724 2873 812 2952 quom
825 2873 897 2934 oivis
910 2873 1047 2933 victima!
1089 2875 1175 2934 Nune

162 2977 296 3030 servatus
319 2989 358 3028 ex
378 2969 525 3046 perieulis,
548 2987 615 3046 qum
643 2969 704 3028 sole
730 2968 827 3043 timui,
854 2969 885 3026 in
899 2971 962 3031 hmo
990 2969 1091 3043 incidi,
1111 2991 1176 3050 quae

162 3064 264 3123 timere
284 3081 343 3122 non
365 3061 461 3122 debui
504 3061 612 3122 Soletis
636 3061 795 3122 identidem
817 3083 835 3122 a
855 3083 911 3138 me,
936 3063 1052 3138 milites,
1067 3073 1175 3142 petere,

161 3167 196 3218 nt
218 3156 307 3218 saluti
329 3177 402 3216 mess
424 3177 546 3234 paruum.
591 3157 655 3236 Ipsi
678 3158 749 3218 mihi
770 3166 911 3236 proestare
938 3159 1071 3238 potestis,
1098 3160 1176 3239 quod

162 3253 293 3316 suadetis
306 3260 341 3312 nt
353 3253 462 3314 luciam.
505 3254 556 3313 Ad
578 3261 691 3314 vestras
713 3273 823 3329 manus,
838 3255 876 3312 ud
896 3263 994 3314 vestra
1013 3274 1094 3314 arma
1114 3276 1175 3315 oon·

162 3351 260 3430 fugio:
274 3349 376 3410 invitis
387 3349 469 3410 vobis
480 3349 578 3410 salvus
589 3369 652 3410 esse
666 3348 751 3408 uolo:
765 3349 940 3425 volentibus,
955 3350 1040 3415 ¹'uon
1049 3369 1174 3428 possum

162 3447 220 3508 nisi
233 3445 394 3506 vindicorst’

221 3547 268 3604 28.
291 3542 367 3602 Tum
380 3541 537 3614 Philotam,
551 3539 683 3618 religatis
693 3546 759 3620 post
772 3547 886 3618 tergum
894 3541 1039 3616 manibus,
1048 3541 1174 3604 obsoleto

162 3637 286 3698 amiculo
299 3637 434 3712 velatum,
453 3635 543 3712 jussit
556 3634 661 3696 indual.
722 3635 822 3715 Faoild
837 3635 993 3716 apparebat
1011 3643 1105 3696 motos
1118 3655 1176 3696 esse

163 3740 222 3792 tam
234 3732 391 3793 miserabili
404 3732 516 3804 habitu,
529 3749 586 3788 uon
600 3729 660 3788 sine
673 3730 786 3790 invidis
799 3731 889 3808 paulo
909 3735 978 3790 aute
999 3730 1017 3758 ¹¹
1026 3732 1173 3808 oouspeoti

164 3826 272 3902 Ducem
293 3827 441 3904 equitatus
468 3824 562 3902 pridid
584 3825 726 3901 viderant,
748 3825 877 3888 sciebant
898 3825 990 3905 Regis
1014 3825 1175 3888 interfuisse
