2642 4386
456 355 582 400 areca
606 355 701 398 verr.
733 357 820 402 car.
851 359 886 400 v.
1121 341 1178 405 m

223 500 266 558 lu
283 495 375 576 agn,
388 495 505 576 quidun
524 493 664 576 Argivus,
685 494 886 574 (pcuuncrum
904 495 1065 560 eninm
1080 498 1177 576 ¹’poet

158 591 319 654 Choerilum
342 593 494 671 conditon)
514 599 544 660 et
564 611 603 650 ex
626 591 730 652 sicilia
745 591 824 668 (ileo,
838 592 898 669 (hio
919 592 1044 672 quidem,
1057 611 1115 654 nou
1133 594 1176 656 ue

156 687 237 768 genii
264 687 368 764 solum,
395 688 446 748 sed
471 687 561 747 etism
586 686 713 746 nationis
737 687 819 763 utic,
842 687 994 768 sunnon)
1015 694 1046 748 et
1071 694 1176 752 cutm

156 783 273 844 urbium
292 801 406 843 suarum
426 791 625 864 purgamenta,
647 804 712 864 quas
734 783 904 862 propinquis
923 783 1023 858 etiem,
1035 783 1173 846 maximo

156 897 275 958 nmque
296 879 475 940 exercituum
497 879 625 956 ducibus,
639 901 657 940 a
670 883 753 960 Rege
765 879 1009 958 praeferebantur3
1032 880 1050 908 ¹¹
1061 879 1094 938 hi
1111 886 1174 943 tutu

154 974 257 1033 celum
279 974 323 1034 illi
345 975 521 1054 aperiebant,
544 976 757 1055 Herculemque
777 981 807 1034 et
833 981 947 1052 patrem
972 973 1121 1048 Liberum,
1142 980 1174 1038 ct

153 1087 218 1127 cum
240 1069 361 1129 Polluce
376 1068 527 1132 Castorem
547 1089 621 1130 novo
634 1071 747 1130 numini
761 1071 996 1130 1²cessurcsesse
1012 1067 1172 1146 jactabunt.

154 1161 248 1242 Igitur
270 1166 347 1224 festo
361 1166 409 1224 die
429 1165 507 1224 omni
529 1165 676 1243 opulentia
689 1165 852 1225 convivium
872 1165 1005 1224 emuncti
1015 1164 1109 1242 jubat,
1124 1163 1172 1227 cre

152 1277 212 1316 non
225 1259 401 1318 Macedones
412 1259 510 1334 modo,
525 1266 557 1317 et
570 1257 666 1318 Graeci
685 1259 829 1336 principes
842 1258 1007 1332 amicorum,
1021 1257 1072 1318 sed
1084 1258 1173 1318 etism

152 1351 279 1412 Barbsri
309 1351 421 1413 nobiles
441 1353 655 1413 adhiberentur.
712 1353 904 1431 Onmquibns
924 1353 994 1410 edm
1014 1352 1172 1414 discubuis-

154 1447 297 1521 multer,
320 1445 468 1524 paulisper
490 1447 633 1524 epulatus,
655 1447 785 1508 convivio
808 1445 961 1526 egreditur.
1004 1445 1083 1520 cleo,
1098 1446 1173 1510 unt

153 1548 375 1618 praeparaverat,
387 1559 547 1601 sermonem
557 1561 621 1601 cum
630 1542 821 1602 admiratione
831 1541 952 1602 laudum
959 1543 1022 1618 ejus
1029 1540 1171 1606 mensuit

111 1655 122 1660 ·
155 1635 265 1695 Merita
291 1636 395 1696 deinde
418 1637 596 1716 percensuit;
627 1637 734 1716 quibus
756 1656 814 1696 uno
840 1637 925 1696 modo
948 1636 1051 1698 referri
1076 1637 1172 1715 grstia

151 1737 258 1807 posset,
274 1731 308 1806 si,
321 1749 408 1811 quem
417 1731 615 1812 intelligerent
636 1733 731 1792 Deum
753 1751 824 1808 esse,
839 1733 1050 1808 confiterentur,
1064 1733 1171 1812 exigui

151 1825 247 1884 thuris
274 1826 404 1904 impense
428 1833 511 1886 tants
542 1827 679 1888 mncficia
708 1826 864 1906 pausaturi.
920 1827 1027 1888 Perses
1052 1827 1171 1906 quidem

150 1939 208 1978 nou
228 1921 275 1998 pit
298 1922 399 1998 solum,
424 1921 475 1982 eed
496 1921 583 1980 etiem
605 1922 770 2000 prudenter,
790 1922 887 2002 Reges
907 1941 976 1982 cuce
996 1923 1072 1984 iuter
1091 1922 1170 1987 Duce

151 2015 245 2074 colere
260 2035 267 2074 :
290 2017 312 2046 ¹²
319 2019 503 2094 majestatem
522 2017 600 2076 enirn
618 2017 743 2094 imperii,
757 2017 861 2078 salutis
873 2035 936 2078 esee
948 2019 1079 2078 tutelam.
1122 2017 1170 2078 Ne

152 2109 311 2170 Herculem
332 2110 450 2188 quidem
479 2117 510 2169 et
531 2117 645 2188 patrem
668 2111 806 2172 Liberum
831 2111 912 2188 prius
939 2110 1053 2172 dicetne
1082 2110 1169 2187 Dece,

151 2206 240 2282 quem
265 2205 403 2266 vicissem
429 2205 556 2265 1⁴eecenu
582 2205 743 2268 uiuentium
769 2205 916 2265 invidiam
972 2204 1170 2266 llantdmdean

151 2318 269 2380 quoque
291 2307 419 2378 posteros
443 2301 570 2376 credere,
590 2303 733 2380 quantdm
754 2319 882 2378 praeseus
894 2307 967 2362 aetus
980 2299 1169 2378 ¹⁶spcp0ndis·

150 2401 203 2456 set.
250 2394 337 2466 Quod
357 2396 384 2456 si
405 2395 502 2456 caeteri
516 2395 659 2472 dubitent,
679 2395 954 2474 semetipsumcum
976 2395 1044 2456 Rex
1066 2395 1170 2458 inisset

150 2490 319 2566 convivium,
333 2498 545 2569 prostraturum
559 2491 642 2550 humi
661 2509 781 2569 corpus;
804 2490 909 2552 debers
921 2491 998 2553 idem
1011 2492 1105 2552 facere
1115 2511 1169 2552 cen·

151 2593 239 2662 teres,
253 2594 284 2645 et
297 2588 327 2646 in
340 2587 442 2665 primis
453 2587 597 2666 sapientia
608 2586 753 2666 peditus.
794 2587 845 2648 Ab
856 2587 918 2648 illis
930 2587 1007 2648 enim
1020 2587 1119 2648 cultris
1136 2587 1169 2649 is

150 2681 263 2762 Regem
275 2701 339 2742 esso
350 2683 528 2760 prodendum
541 2683 709 2761 exemplum

214 2780 258 2836 19.
288 2778 379 2836 Haud
408 2779 542 2856 perplexe
569 2779 600 2837 in
628 2777 826 2838 calisthenem
860 2776 1038 2855 dnigebctur
1062 2775 1166 2840 oratic.

151 2869 290 2930 Gravitas
316 2871 374 2929 viri
396 2880 427 2930 et
450 2875 611 2951 ¹⁶promptu
636 2873 757 2933 libertae
778 2871 873 2930 invisa
893 2878 957 2930 erat
977 2871 1064 2950 Regi,
1083 2871 1168 2950 qnasi

151 2963 229 3023 solue
252 2961 426 3024 Macedones
445 2973 561 3043 paratos
584 2965 623 3024 ad
645 2966 706 3026 tale
732 2963 900 3044 obsequium
923 2972 1090 3026 moreretur.
1132 2965 1167 3026 Is

150 3064 222 3133 tum,
236 3057 357 3116 silentio
366 3059 456 3135 iacto,
469 3079 562 3119 unum
573 3060 659 3120 illum
667 3059 847 3120 intuentibus
856 3061 975 3136 wiern,
996 3059 1054 3122 “si
1071 3060 1166 3136 Rex‚”

149 3153 254 3232 inquit,
269 3157 287 3188 “
299 3153 426 3213 sermoni
446 3161 498 3214 tuo
511 3155 650 3231 affuisset,
661 3155 770 3214 nullius
789 3155 918 3233 proiectd
931 3175 989 3218 vox
1000 3155 1167 3236 responsus

150 3249 206 3309 tibi
220 3249 442 3310 desideraretur.
484 3250 555 3328 Ipse
567 3251 644 3310 enim
663 3257 783 3328 peteret,
795 3270 832 3311 ne
845 3251 877 3310 in
894 3251 1060 3331 peregrinos
1074 3257 1166 3312 ezer·

150 3363 257 3424 noeque
271 3345 346 3404 ritus
359 3329 534 3425 degenerare
546 3365 577 3406 ee
590 3365 714 3426 cogeres,
726 3365 785 3406 neu
797 3347 883 3408 rebus
895 3346 1060 3408 ielioueimd
1073 3342 1166 3423 gestis

152 3439 322 3502 ²'invidiam
344 3441 398 3500 tali
419 3442 586 3502 adulatione
606 3441 795 3504 contraheres.
837 3441 1053 3521 sedquoniam
1074 3437 1165 3514 abest,

151 3555 203 3616 ego
216 3535 272 3596 tibi
286 3555 340 3613 pro
352 3536 403 3596 illo
416 3538 581 3616 responden
623 3539 641 3566 ²⁸
650 3537 772 3598 Nullum
785 3555 847 3597 esee
867 3535 1000 3596 cumdem
1012 3539 1044 3592 et
1056 3531 1165 3592 diutur-

152 3649 231 3708 num,
246 3638 277 3691 et
297 3651 452 3709 praecocem
472 3635 615 3694 fructum:
636 3633 822 3711 celestesque
835 3631 958 3690 honores
977 3646 1035 3686 non
1046 3626 1115 3686 dece
1135 3634 1166 3688 ts

143 3726 238 3806 negt,
261 3727 313 3786 sed
335 3727 455 3790 ecferre.
505 3728 665 3789 Intervallo
692 3728 769 3786 eninr
795 3743 868 3802 opus
891 3730 946 3798 est,
973 3728 1008 3780 ut
1033 3721 1168 3784 credetur

154 3819 241 3897 Deus,
261 3841 427 3902 semperque
448 3823 520 3882 hunc
540 3823 665 3902 gratim
688 3820 801 3898 unguis
813 3817 885 3878 viris
904 3816 1015 3896 posteri
1031 3818 1166 3884 reddunt.
