2642 4386
183 369 246 428 222
534 379 673 434 aurant
699 381 840 424 oraru

180 523 249 584 ontd
275 521 338 584 vidi
365 520 608 595 contendentium,
634 521 686 600 qui
717 519 900 598 potissimum
925 517 1070 580 minorati
1103 517 1194 600 Regis

180 637 284 696 corpus
307 616 495 695 exciperent?
545 615 694 692 Desertus,
718 616 876 676 destitutus
897 635 971 690 sum,
994 613 1127 676 hostibus
1145 616 1193 676 de·

179 711 266 773 ditus.
308 711 367 774 Sed
380 713 459 772 solus
471 729 585 792 quoque
598 710 847 788 ireperscverabo.
890 709 1020 787 Objicite
1033 729 1080 768 mc
1103 711 1193 770 dumi·

177 807 264 866 uibus
291 814 321 866 et
343 805 455 881 belluis,
480 805 590 865 stillis
613 805 759 884 gentibus,
779 824 901 884 quarum
921 805 1039 864 nomina
1060 804 1192 866 horretis.

179 901 329 962 Inveniam
355 901 406 980 qni
433 901 580 960 desertum
607 920 625 958 a
648 900 731 960 vobis
757 907 921 978 sequantur.
976 899 1095 977 Scythes
1122 899 1194 958 Bac·

177 997 320 1076 trianique
341 1003 425 1056 eruut
444 1015 564 1071 mecum,
584 995 682 1054 hostes
703 995 792 1073 paulo
806 996 884 1071 ante,
904 1013 979 1054 nunc
999 995 1107 1054 milites
1130 1015 1195 1056 nos·

177 1091 225 1151 tri.
286 1091 365 1152 Mori
397 1097 525 1168 praestat,
559 1091 579 1119 ²³
593 1093 681 1169 qutm
714 1091 845 1168 precarid
878 1091 1088 1169 Imperatorem
1121 1109 1192 1150 esse

177 1185 225 1246 Ite
244 1187 363 1246 reduces
376 1186 484 1262 domos,
498 1186 540 1244 ite
550 1185 663 1245 desorto
677 1186 758 1266 Rege
772 1193 898 1246 ovantes.
941 1185 1005 1265 Ego
1019 1185 1066 1244 hic
1080 1205 1098 1244 a
1110 1185 1195 1246 vobis

178 1279 336 1358 desperatae
348 1281 487 1355 victorius,
502 1287 553 1339 aut
566 1280 695 1342 honestae
708 1280 795 1340 morti
809 1280 904 1340 locum
916 1279 1086 1342 inveniam.''

236 1375 299 1436 111„
321 1379 348 1437 8.
370 1375 417 1434 Ne
435 1376 610 1455 sicquidem
632 1377 688 1434 ulli
709 1376 835 1435 militum
857 1395 915 1436 vox
939 1374 1061 1454 exprimi
1084 1375 1196 1453 potuit

178 1469 394 1549 Exspectabunt
405 1479 440 1529 ut
453 1471 540 1530 duces
552 1473 749 1550 principesque
762 1471 801 1530 ad
824 1471 935 1550 Regem
946 1470 1116 1548 perferrent,
1131 1471 1197 1532 vul-

176 1566 294 1626 neribus
315 1573 346 1625 et
367 1566 502 1626 continuo
524 1565 623 1626 labore
643 1566 757 1626 militiae
779 1565 916 1646 fatigatos
938 1567 1014 1624 ¹non
1033 1565 1197 1628 detrectare

177 1661 284 1736 munia,
298 1661 349 1721 sed
370 1661 512 1721 sustinere
533 1681 590 1720 non
611 1679 701 1738 posse.
744 1659 891 1721 anterdm
911 1660 957 1720 illi
976 1666 1056 1718 metu
1071 1661 1198 1720 attoniti

177 1755 208 1813 in
222 1762 329 1816 terram
342 1777 392 1816 ora
405 1757 570 1816 defixerant.
612 1756 709 1835 Igitur
728 1756 823 1834 primo
838 1755 990 1816 'fremitus
1011 1759 1065 1816 snei
1079 1762 1198 1834 sponte,

177 1850 282 1910 deinde
314 1853 442 1931 gemitus
470 1870 583 1930 quoqne
610 1852 711 1926 oritur,
737 1851 934 1930 paulatimque
960 1849 1084 1911 liberids
1110 1849 1198 1910 dolor

177 1946 269 2026 'erigi
281 1947 378 2024 coepit,
388 1946 574 2006 manantibus
594 1946 737 2024 lacrymis,
752 1946 822 2006 adeo
835 1953 870 2006 ut
889 1946 964 2021 Rex,
978 1945 1024 2006 iria
1038 1947 1070 2006 in
1081 1945 1197 2006 miseri-

177 2041 304 2101 cordiam
317 2045 411 2117 verse,
425 2061 461 2100 ne
475 2041 537 2119 ipse
549 2041 675 2120 quidem,
688 2044 853 2122 quanqudm
872 2048 998 2120 cuperet,
1013 2042 1196 2119 ‘temperare

178 2136 269 2198 oeulis
293 2137 429 2216 potuerit.
480 2137 608 2198 Tandem
630 2137 766 2198 universe
788 2136 922 2198 concione
950 2137 1071 2197 edusius
1096 2137 1195 2212 flente,

179 2231 285 2294 Ooenus
298 2251 386 2292 ausus
399 2239 453 2308 eet,
467 2232 670 2294 cunctantibus
690 2232 813 2308 coetuum,
826 2231 943 2310 propiis
965 2231 1093 2294 tribunal
1112 2249 1195 2292 acoe-

177 2326 254 2402 dere,
275 2328 438 2406 significans
460 2347 491 2387 se
512 2328 593 2406 loqui
611 2327 694 2388 velle.
736 2326 830 2398 Quem
851 2333 885 2386 ut
897 2325 996 2388 videre
1015 2325 1123 2386 milites
1143 2325 1195 2384 de·

177 2419 340 2478 trahentem
359 2421 470 2499 galeam
493 2422 591 2499 capiti,
613 2421 667 2498 (ita
690 2421 766 2480 enim
786 2421 898 2501 Regem
916 2421 1025 2501 alloqui
1051 2439 1115 2480 mos
1133 2421 1194 2500 est)
1315 2429 1316 2468 l

176 2513 288 2572 hortari
302 2521 457 2590 cooperunt,
471 2522 506 2572 ut
518 2533 633 2577 causam
647 2515 792 2574 exercitus
805 2522 911 2595 ageret.

236 2607 311 2666 Tum
326 2607 440 2682 canu,
465 2607 543 2666 “Dii
563 2608 762 2685 prohibeant,”
786 2609 889 2689 inquit,
911 2610 1053 2674 “anobis
1067 2609 1192 2688 ⁶impias

175 2710 295 2780 mentes,
319 2710 349 2763 et
370 2703 499 2782 profacto
521 2703 682 2781 prohibent
724 2704 827 2764 ‘Idem
853 2705 965 2766 animus
989 2712 1034 2765 est
1059 2706 1120 2766 tuis
1136 2706 1192 2786 qui

175 2800 234 2860 fuit
255 2819 375 2880 semper,
398 2798 443 2858 ire
466 2800 523 2878 qud
542 2798 674 2876 jusseris,
696 2817 833 2879 pugnare,
854 2800 1021 2878 periclitari,
1049 2801 1192 2879 sanguine

172 2907 273 2960 nostro
297 2899 496 2960 commendare
521 2896 686 2976 posteritati
713 2905 796 2956 tuum
821 2917 932 2958 nomen.
983 2898 1132 2960 'Proinde
1160 2899 1189 2958 si

175 3013 350 3071 perseveras,
364 2995 486 3054 inermes
507 3013 625 3074 quoque,
648 3000 679 3052 et
698 2992 778 3068 nudi,
795 3000 825 3053 ct
844 3011 1011 3073 exsangues,
1033 3001 1189 3073 utonmque

175 3089 232 3148 tibi
245 3089 325 3147 cordi
348 3097 401 3164 est,
423 3091 579 3168 sequimur,
592 3089 639 3150 rel
660 3089 862 3148 antecedimus.
904 3089 962 3150 Sed
983 3089 1010 3149 si
1030 3089 1131 3150 audire
1143 3088 1189 3150 vis

175 3201 232 3241 non
254 3183 336 3242 fictas
358 3189 473 3242 tuorum
495 3185 622 3244 militum
643 3203 735 3259 umes,
763 3188 864 3245 verdm
885 3184 1055 3244 necessitate
1081 3184 1189 3244 ultimd

176 3293 333 3356 expressas,
359 3277 465 3354 praebe,
496 3297 601 3356 quaeso,
628 3279 768 3356 propitias
801 3297 885 3338 aures
920 3278 1075 3357 imperium
1101 3285 1189 3357 atque

176 3372 335 3452 auspicium
352 3378 436 3430 tunm
455 3373 687 3434 constantissime
708 3374 824 3450 secutis,
837 3380 868 3433 st
886 3375 1063 3454 quecumque
1082 3374 1188 3454 pergis,

176 3467 346 3530 secuturis.”
793 3538 797 3544 ,

236 3569 254 3600 “
265 3563 382 3639 Vicisti,
396 3562 471 3637 Rex,
484 3561 682 3642 magnitudine
705 3581 801 3622 rerum
822 3579 881 3620 non
901 3562 999 3624 hostes
1010 3564 1106 3640 modo,
1120 3563 1190 3624 ‘sed

176 3660 266 3720 etiarn
278 3659 393 3720 milites
438 3655 587 3738 Quidquid
609 3657 770 3716 mortalitas
783 3658 903 3736 'capere
924 3666 1045 3736 poterat,
1059 3659 1189 3738 implevi·

176 3773 247 3813 mus
290 3755 424 3815 Emensis
447 3753 539 3814 maria
562 3760 721 3832 terrasque,
743 3751 850 3812 melitis
870 3753 964 3829 nobis,
977 3755 1065 3833 quom
1087 3754 1191 3816 incolis

176 3845 274 3906 omnia
285 3855 355 3906 uota
368 3856 444 3909 sunt.
485 3849 567 3908 Pone
588 3848 620 3907 iu
639 3848 743 3908 ultimo
756 3847 857 3908 mundi
869 3850 925 3908 dne
938 3849 1119 3910 consistimus
1128 3869 1142 3910 z,
1158 3851 1191 3912 in
