2642 4386
168 365 223 424 lso
510 377 652 431 cuturn
678 377 820 420 ouurrr

162 519 293 582 bundum
315 537 416 598 agmen
436 517 592 595 ferebatur,
613 517 755 598 multique
768 517 852 596 p'rids
873 522 954 576 metu
967 516 1056 595 qudm
1074 513 1177 575 labora

163 614 325 692 defetigati,
349 620 569 692 prostraverant
591 613 673 674 humi
696 633 823 692 corpora,
847 611 1029 693 ⁴quanquam
1052 610 1177 671 imbrem

162 711 208 770 ris
221 710 338 787 frigoris
352 716 486 768 concreto
500 708 569 788 gelu
577 709 763 768 astrinxerat.
804 707 869 767 Alii
883 725 914 767 se
928 705 1078 784 stipitibus
1093 705 1173 765 arbo

162 825 228 866 rum
252 803 458 866 admoverant:
494 804 525 863 id
558 803 693 882 plurimis
726 801 933 862 adminiculum
960 807 991 860 et
1018 799 1177 879 suffugium

163 909 234 961 erat.
290 899 372 960 'Nec
399 899 520 959 fallebat
546 900 625 977 ipsos
651 898 739 957 morti
766 897 862 956 locum
888 896 1004 976 eligere,
1030 896 1100 954 edm
1125 895 1179 954 im·

162 995 284 1056 mobiles
297 994 396 1055 vitalis
418 993 497 1054 calor
517 993 671 1074 linqueret.
714 992 773 1054 Sed
795 999 880 1072 grata
894 998 957 1052 erat
977 990 1098 1069 pigritia
1116 1009 1176 1049 cor·

162 1109 264 1170 porum
277 1090 420 1170 fatigatis,
433 1109 487 1148 nec
499 1089 671 1168 recusabant
684 1089 817 1166 extingui
836 1087 1018 1168 quiescendo.
1060 1084 1178 1162 Quippe

162 1205 221 1246 uon
234 1185 387 1246 vehemens
409 1183 504 1259 modo,
519 1184 571 1243 sed
585 1183 675 1243 etiam
688 1183 843 1261 ‘pertinax
856 1183 901 1243 vis
921 1181 991 1242 mali
1014 1180 1178 1256 insistebat,

163 1281 342 1359 'lucemque
356 1279 488 1338 naturale
510 1277 655 1354 solatium,
669 1283 777 1356 praeter
798 1283 1000 1356 tempestatem
1022 1275 1100 1335 haud
1120 1273 1177 1333 dis·

163 1395 263 1454 parem
275 1375 363 1449 nocti,
373 1375 527 1452 ‘sylvarum
540 1393 654 1453 quoque
667 1373 771 1433 umbra
784 1379 991 1452 suppresserat.

228 1474 271 1530 15.
294 1469 362 1529 Rex
383 1489 459 1528 unus
480 1469 556 1527 tanti
568 1469 638 1526 mali
659 1468 781 1546 patinis,
802 1467 953 1526 circumire
971 1465 1090 1542 milites,
1114 1481 1179 1522 oon·

166 1565 280 1626 trahere
295 1564 450 1642 dispersos,
464 1562 592 1623 allevare
610 1569 781 1639 prostratos,
796 1560 947 1620 ostendere
966 1562 1068 1638 procul
1081 1558 1178 1619 evolu-

166 1666 229 1718 tum
243 1677 280 1716 ex
302 1657 429 1737 tuguriis
450 1659 570 1731 fumum,
593 1657 768 1736 hortarique,
782 1663 817 1715 ut
837 1657 967 1735 proxima
980 1675 1101 1736 quaeque
1121 1658 1180 1717 sul·

165 1753 246 1832 fugio
259 1759 438 1828 occuparent.
479 1750 489 1779 ⁸
502 1749 531 1809 N
533 1770 565 1810 eo
578 1751 640 1810 ulla
649 1771 697 1810 res
710 1752 803 1830 magis
817 1751 906 1810 saluti
919 1751 986 1827 fuit,
999 1739 1087 1831 qudm
1100 1751 1180 1832 quod

166 1846 360 1923 multiplicato
382 1845 481 1906 laboro
505 1846 694 1905 sufficientem
715 1845 809 1923 malis,
823 1847 929 1925 quibus
951 1847 1009 1925 ipsi
1023 1853 1179 1922 cesserant,

167 1941 279 2020 Regem
294 1940 428 2000 deserere
442 1939 655 2001 erubescebant
687 1939 837 2001 (lectorum
851 1942 992 2001 efficacior
1004 1943 1035 2000 iu
1048 1941 1181 2003 adversis

167 2035 334 2109 necessitas,
348 2037 437 2114 quem
457 2035 542 2110 ratio,
557 2035 675 2114 frigoris
697 2036 858 2096 remedium
881 2037 1001 2098 invenit
1043 2037 1181 2097 Dolabris

168 2132 245 2192 enim
259 2130 355 2210 sylvas
369 2137 498 2190 sternere
512 2131 649 2211 aggressi,
663 2135 773 2210 passim
787 2151 903 2192 acervos
918 2139 1070 2212 struesque
1084 2151 1181 2192 accen·

169 2229 284 2289 derunt.
329 2226 497 2288 Continenti
518 2227 651 2287 incendio
677 2227 780 2287 ardere
800 2228 935 2288 crederes
956 2227 1072 2302 saltum,
1088 2235 1119 2286 et
1131 2227 1182 2287 vix

169 2325 246 2384 inter
258 2324 387 2382 flammas
401 2323 562 2402 agminibus
573 2323 707 2382 relietum
720 2321 824 2382 locum.
868 2323 928 2382 Hic
941 2322 1020 2382 calor
1034 2323 1183 2402 stupentia

169 2419 299 2478 mambra
321 2419 505 2492 'commovit
527 2419 727 2497 paulatimque
747 2419 876 2496 spiritus,
890 2439 977 2499 quem
1000 2419 1184 2479 continuerat

171 2515 191 2544 ¹⁰
200 2514 286 2592 rigor,
301 2531 397 2570 meare
415 2511 507 2571 liberd
532 2513 627 2589 eoepit.
671 2513 823 2590 Excepere
847 2513 921 2574 alios
942 2522 1021 2574 tecta
1041 2514 1184 2575 Barbaro-

170 2627 244 2682 rum,
267 2625 332 2685 quae
356 2605 387 2664 in
410 2605 515 2664 ultimo
538 2606 615 2665 saltu
635 2607 735 2668 abdita
760 2609 917 2667 necessitas
940 2609 1182 2690 investigaverat3

171 2703 244 2764 alios
258 2709 362 2776 castra,
376 2721 442 2781 quae
462 2701 494 2760 in
515 2701 635 2760 humido
649 2701 778 2782 quidem,
793 2703 845 2761 sed
862 2705 923 2780 J'am
938 2705 1003 2764 coeli
1017 2707 1185 2765 mitescente

173 2800 294 2874 sevitie,
318 2797 493 2858 locaverunt
536 2795 621 2856 Mille
645 2797 772 2856 militum
789 2806 882 2878 etque
901 2799 1028 2860 lixarum
1042 2803 1185 2862 calonum·

173 2917 229 2977 que
244 2898 264 2926 ¹¹
276 2895 369 2973 pestis
384 2893 436 2954 illa
448 2894 636 2972 consumpsit.
667 2893 818 2955 Memoriae
828 2895 976 2974 proditum
991 2905 1037 2957 est
1046 2897 1186 2978 quosdam

174 2990 334 3068 applicatos
358 2990 493 3050 arborum
514 2989 633 3064 truncis,
649 2997 680 3048 et
698 3007 756 3048 non
777 2990 874 3050 soldm
894 2991 1069 3068 viventibus,
1086 2991 1138 3052 sed
1157 2998 1188 3052 et

174 3085 251 3144 iuter
274 3103 304 3143 se
327 3083 558 3163 colloquentibus
573 3084 683 3144 similes
708 3105 772 3145 esre
787 3095 972 3166 conspectos;
995 3087 1117 3146 durante
1138 3087 1188 3146 ad·

176 3181 233 3240 huc
254 3179 393 3254 ¹'habitu
415 3179 447 3237 iu
468 3199 526 3258 quo
539 3199 618 3239 mors
639 3200 782 3261 quemque
806 3181 1041 3260 deprehenderat
1094 3181 1189 3241 Fores

178 3275 300 3337 blaoedo
314 3274 463 3353 gregarius
485 3274 579 3349 miles,
594 3294 684 3355 seque
706 3285 736 3335 et
758 3295 838 3334 arma
851 3275 1054 3349 ”sustentans
1068 3275 1190 3335 taudem
1212 3265 1215 3270 ¹

177 3373 208 3432 in
230 3378 326 3432 castra
349 3377 530 3449 pervenerat.
573 3369 638 3440 Quo
659 3371 732 3446 viso,
754 3369 830 3444 Rex,
852 3387 1015 3447 quanquam
1034 3369 1097 3449 ipse
1118 3379 1190 3430 tuno

177 3467 302 3528 maxime
326 3466 443 3526 admoto
465 3466 531 3544 igne
552 3466 701 3526 refovebat
721 3472 809 3538 artus,
831 3483 868 3523 ex
891 3463 966 3523 sella
987 3469 1040 3525 sut
1061 3466 1190 3542 exsiluit,

179 3569 399 3642 torpentemque
431 3561 561 3638 militem,
589 3567 620 3620 et
645 3561 697 3620 vix
730 3565 892 3636 compotem
918 3561 1036 3636 mentis,
1064 3561 1192 3640 demptis

180 3657 276 3733 armis,
290 3657 321 3715 in
335 3659 389 3715 sut
403 3656 471 3715 sede
482 3656 573 3733 jussit
586 3655 743 3714 considere.
786 3653 844 3713 Ille
865 3653 924 3730 diu,
939 3655 1056 3716 necubi
1069 3656 1192 3736 requies-

182 3759 270 3824 ceret,
293 3769 346 3810 nec
367 3771 385 3809 a
406 3770 464 3830 quo
487 3757 565 3810 esset
588 3755 733 3827 exceptus,
748 3750 873 3829 agnovit.
930 3749 1060 3809 laudem
1079 3757 1195 3830 recepto

181 3841 276 3902 calore
289 3844 383 3919 vitali,
397 3852 433 3904 ut
445 3843 556 3922 regiam
570 3843 667 3904 sedem
682 3843 850 3923 Bogemque
863 3843 946 3922 vidit,
956 3845 1078 3906 territus
1091 3845 1194 3926 surgit.
