2622 4382
173 361 244 439 ,Μ
531 378 679 428 orrrrr
705 379 849 424 uuaurr

183 519 232 598 gir
253 515 455 596 applioalraut3
478 517 519 594 bi,
533 519 604 580 dum
625 520 817 595 eousidmeut,
831 539 927 581 remos
950 521 1044 599 aptari
1065 521 1201 600 prohibe-

183 615 261 674 bant
304 613 432 684 Quidum
455 616 608 696 adaugere
630 623 826 693 properantes,
842 616 894 676 sed
908 635 966 676 nou
988 617 1009 646 ¹⁸
1022 618 1201 696 exspectatis

181 709 234 788 qui
247 709 334 768 simul
347 729 412 768 esse
427 709 581 786 debebunt,
596 711 727 770 “alauda
740 718 771 770 et
783 711 924 775 inhabilia
932 712 1049 791 navigia
1061 712 1201 792 languidi
1298 762 1302 813 Ι

181 803 385 864 moliebantur.
429 806 508 864 Aliae
522 806 638 866 narium
653 805 815 865 inconsulte
836 813 956 866 ruentes
971 825 1070 866 omnes
1086 827 1201 884 reoepe·
1298 817 1302 857 ι’

182 906 266 976 raut3
288 901 455 979 pariterque
479 908 511 958 et
533 901 694 960 multitudo
714 909 745 960 ot
768 903 900 979 paucitas
913 903 1085 961 testinantes
1110 921 1201 961 moru-

183 994 277 1056 batur.
322 993 439 1054 (llamor
461 995 529 1053 hine
551 1003 729 1072 exspectare,
752 995 820 1054 hine
846 997 890 1054 iro
912 997 1087 1074 jubentium,
1109 997 1201 1056 disse
1301 983 1302 986 Ἴ

181 1107 285 1168 noeque
305 1107 389 1149 voees
412 1109 554 1170 nusquam
578 1091 656 1150 idem
670 1111 709 1172 ,ao
732 1109 825 1150 uuum
847 1092 1039 1169 tendentium,
1053 1111 1113 1151 non
1135 1111 1202 1151 oeu-

182 1181 276 1244 lurum
299 1186 386 1244 modb
409 1205 504 1260 usum,
527 1186 578 1245 sed
602 1187 691 1246 etiam
715 1188 828 1246 aurium
852 1187 1041 1247 abstulerant.
1096 1188 1146 1246 Ne
1171 1188 1203 1266 iu

182 1279 425 1359 gubernatoribus
449 1281 566 1360 quidem
589 1281 748 1361 quidquam
772 1282 835 1360 opis
861 1289 933 1356 erat,
947 1301 1136 1361 quorumnee
1153 1301 1203 1342 ex·

183 1375 280 1436 suuni
292 1395 351 1436 vox
374 1397 392 1435 a
415 1376 661 1436 tumultuantibus
675 1383 798 1454 poterat,
812 1395 865 1436 nee
885 1377 1040 1454 imperium
1054 1398 1072 1436 a
1084 1380 1203 1439 territis

183 1472 441 1551 iuoompoaitisque
455 1473 573 1532 serrari
616 1471 697 1551 Ergo
711 1472 811 1531 oollidi
824 1473 904 1532 inter
917 1491 949 1530 se
960 1483 1049 1533 naves
1063 1473 1081 1502 ¹⁸
1090 1473 1203 1534 abster·
1303 1511 1304 1520 ι

163 1567 302 1645 purique
324 1566 448 1626 inrisam
469 1567 551 1640 remi,
566 1573 597 1624 et
620 1566 672 1624 alii
697 1565 820 1626 aliorum
843 1567 962 1644 nauigia
973 1587 1088 1644 urgere
1108 1586 1203 1646 empe

182 1668 259 1720 runt
302 1659 444 1720 (traderes
457 1679 515 1718 uon
528 1661 615 1720 unius
625 1661 773 1720 exer-uitus
787 1661 910 1720 olassem
922 1661 999 1735 vehi,
1009 1662 1061 1720 ssd
1076 1661 1203 1724 duorum

182 1754 285 1814 ursule
308 1755 400 1814 inisse
425 1763 578 1814 esttamen.
621 1755 845 1816 Inoutiebantur
858 1757 1004 1834 puppibus
1018 1777 1122 1835 prorae,
1136 1777 1204 1835 pre·

182 1849 336 1910 mabuntur
350 1849 576 1927 assequentibus,
590 1851 641 1928 qui
661 1851 866 1910 antoeedentes
889 1851 1086 1912 turbaverant.
1131 1853 1155 1912 J
1156 1873 1204 1913 ur·

184 1944 317 2023 gantium
331 1945 376 2004 ira
391 1945 410 1974 ¹⁸
418 1945 606 2022 perveniebat
619 1949 709 2004 etium
722 1946 760 2004 ad
773 1967 885 2006 manus.

245 2042 292 2100 31.
314 2039 440 2120 Jamque
452 2048 542 2100 metus
563 2047 641 2100 totos
654 2040 731 2100 eirea
752 2041 858 2100 flumen
871 2059 986 2119 oempos
998 2041 1203 2119 inundaverat,

181 2135 303 2198 tumulis
326 2135 471 2196 dunmxat
494 2136 697 2211 eminentibus,
711 2137 802 2196 veluti
824 2136 925 2196 insulis
948 2137 1054 2214 parvis,
1077 2137 1204 2217 inques

182 2233 313 2312 plerique
336 2232 442 2311 trepidi
466 2231 580 2292 omissis
602 2232 729 2311 navigiis
752 2251 837 2292 enare
863 2239 1018 2310 eoeperuut
1060 2231 1206 2310 Dispersa
1299 2248 1302 2263 ·

182 2329 283 2389 elassis
296 2330 406 2407 partlm
419 2329 451 2386 in
472 2328 594 2405 praealta
608 2331 682 2406 aqua
697 2327 802 2402 stabat,
815 2332 874 2406 qua
887 2327 1077 2388 subsederant
1089 2328 1203 2408 valles;

181 2425 287 2500 partun
310 2423 342 2480 iu
355 2423 429 2482 vado
453 2423 591 2498 haerebat,
610 2429 763 2500 utrumque
786 2423 926 2501 inaequale
939 2429 1026 2483 terrm
1049 2423 1204 2503 fastigium

181 2525 389 2594 uoouparerant
401 2517 494 2592 undu,
515 2519 585 2576 oum
598 2517 694 2578 subito
717 2535 809 2578 nourr
823 2525 853 2576 ot
866 2518 988 2596 pristino
1001 2520 1095 2596 maior
1107 2525 1205 2582 terror

180 2611 329 2672 iuoutitur.
382 2611 571 2688 Reciprocare
595 2612 682 2688 eoepit
704 2631 792 2688 mare,
816 2633 920 2692 magno
944 2619 1042 2672 maotu
1065 2617 1150 2692 aquis
1171 2617 1204 2674 iu

181 2725 267 2768 suum
293 2707 400 2768 fretum
427 2706 654 2782 reourrentibus,
685 2707 881 2787 reddebatque
904 2715 998 2768 terras
1019 2709 1107 2786 pauld
1131 2713 1202 2770 unte

181 2803 326 2882 profundo
338 2803 399 2864 salo
411 2819 526 2862 mersus
568 2801 663 2880 Igitur
686 2801 827 2862 destituta
847 2803 971 2882 navigia
993 2803 1052 2862 alia
1069 2804 1203 2882 prmoipi·

182 2906 282 2960 tantur
308 2899 339 2958 in
365 2917 473 2976 proras,
499 2897 558 2956 alia
581 2899 613 2956 in
635 2897 727 2956 latera
749 2897 949 2974 procumbunt
999 2898 1094 2958 Strati
1117 2906 1204 2960 eraut

180 2995 274 3070 eampi
289 2995 417 3070 sardois,
430 2993 530 3068 armis,
544 2992 709 3053 avulsarum
728 2993 894 3054 tabularum
906 3011 1105 3072 remorumque
1124 2995 1202 3074 freg-

180 3090 293 3148 mentis.
335 3089 424 3148 Miles
447 3108 499 3148 neo
512 3089 611 3169 egredi
633 3088 667 3148 in
686 3095 804 3164 terram,
817 3107 869 3148 noe
889 3088 921 3148 in
940 3107 1029 3150 narse
1041 3089 1202 3150 subsistere

180 3181 315 3258 audebat,
347 3182 506 3244 identidem
538 3185 730 3262 praumatus
756 3183 891 3264 graviora
922 3203 988 3262 quae
1014 3191 1202 3262 sequerentur

182 3283 359 3356 exspertem.
403 3278 466 3338 Vix
477 3299 542 3357 quas
554 3279 799 3358 perpetiebantur,
813 3278 913 3340 videro
933 3279 1014 3357 ipsos
1026 3279 1200 3356 eredebant;

182 3375 213 3434 in
227 3375 302 3434 siooo
314 3373 474 3452 naufragia,
487 3373 520 3432 in
533 3374 611 3432 amni
622 3393 722 3435 mare:
744 3393 797 3436 neo
807 3374 874 3436 unis
886 3374 1046 3452 malorumr
1069 3377 1087 3404 ¹⁷
1095 3374 1201 3453 quippe

181 3477 285 3532 aestum
306 3469 393 3549 puuld
405 3470 473 3547 pdst
493 3487 574 3528 mmo
595 3469 763 3544 relaturum,
785 3487 843 3549 quo
856 3470 975 3550 navigia
996 3470 1201 3544 allevarentur,
1303 3457 1304 3470 ¹

182 3567 287 3647 ignari,
301 3569 405 3626 lamam
420 3571 451 3624 et
463 3563 567 3624 dumo
579 3563 698 3626 sibimet
710 3563 918 3626 omiuabantur.
961 3564 1076 3626 Bellum
1087 3581 1201 3644 quoque

183 3663 319 3723 fluetibus
334 3662 491 3736 destitutae,
506 3659 651 3722 terribiles
664 3659 851 3739 uagabantur.
893 3659 1020 3739 Jamque
1040 3677 1098 3720 nox
1117 3675 1201 3738 appo·

182 3756 272 3832 what,
286 3765 317 3815 et
337 3757 448 3836 Regem
459 3761 575 3836 quique
599 3754 762 3834 desperatio
785 3754 892 3818 salutis
910 3755 1085 3835 aegritudine
1103 3755 1202 3816 affero·

183 3854 240 3908 rat
278 3849 348 3910 Nou
372 3853 632 3914 tumeniuuiotum
654 3851 782 3912 mimum
803 3849 1120 3930 maturantque
1137 3852 1203 3912 tott
