2520 4390
187 361 225 422 78
522 373 671 423 aursni
703 343 849 416 cadurx

186 517 234 592 tis,
249 517 331 575 novis
344 513 509 575 vulneribus
533 513 741 575 excitabantur.
784 512 917 588 Quidam,
932 513 1086 591 occupatis
1114 514 1216 593 proxi·

185 611 240 670 mis
266 609 348 684 rivis,
362 609 539 668 diverterant
564 609 690 688 longius,
710 615 752 684 nt,
772 608 910 693 quidquid
935 609 1043 668 occulti
1072 610 1215 670 humoris

184 707 305 784 usquam
331 711 469 780 manaret,
495 704 667 780 exciperent.
709 701 772 762 Neo
797 701 858 762 ulla
883 703 953 762 oded
979 704 1048 763 avia
1073 711 1108 764 et
1136 706 1215 764 sicca

184 800 286 860 lacuna
313 807 385 875 erat,
409 820 474 878 quae
495 797 700 878 vestigantium
723 798 803 858 sitim
828 798 950 858 falleret.
1004 798 1031 857 E
1060 799 1213 876 proximis

184 896 253 955 verb
266 895 365 954 itineri
379 895 461 970 vicis,
482 913 581 952 senum
602 893 730 952 ululatus
751 893 986 972 foeminarumque
1007 895 1211 954 exaudiebas

185 999 242 1066 tur,
255 990 379 1050 barbaro
391 990 451 1048 ritu
464 987 584 1046 Darium
598 987 692 1046 adhuc
705 987 817 1066 Regem
831 987 1023 1048 clamantium

244 1088 291 1144 62.
313 1083 487 1158 Alexander,
516 1084 534 1112 ¹²
543 1089 577 1140 ut
603 1084 689 1160 supra
714 1077 824 1142 ‘dictum
848 1089 901 1156 est,
930 1082 1054 1143 inhibito
1084 1103 1208 1143 suorum

184 1197 276 1252 cursu,
299 1179 336 1238 ad
360 1178 471 1256 Lycum
494 1197 606 1236 amnem
628 1183 814 1254 pervenerat:
845 1177 896 1238 ubi
915 1176 1017 1255 ingens
1039 1179 1207 1238 multitudo
1254 1205 1255 1246 ᾗ

183 1273 355 1354 fugientium
370 1280 537 1334 oneraverat
548 1279 674 1350 pontem,
688 1279 718 1330 et
730 1271 867 1351 plerique,
890 1274 956 1330 crim
965 1272 1059 1330 hostis
1074 1282 1198 1352 urgeret
1254 1295 1255 1378 p

183 1371 214 1430 in
236 1371 342 1429 flumen
363 1387 394 1428 se
416 1367 673 1446 praecipitaverant,
696 1385 855 1445 gravesque
878 1367 973 1441 armis,
989 1373 1019 1425 ct
1040 1369 1153 1444 praelio
1173 1387 1205 1427 ac

182 1465 255 1545 fuga
278 1464 439 1543 defatigati,
462 1462 626 1542 gurgitibus
647 1461 860 1521 hauriebantur.
902 1461 1026 1540 Jamque
1048 1481 1112 1521 non
1134 1483 1204 1540 pons

183 1559 267 1618 modd
291 1559 443 1636 fugientes,
464 1556 515 1615 sed
537 1574 573 1614 ne
596 1555 688 1613 amnia
711 1553 828 1634 quidam
851 1555 990 1631 capiebat,
1011 1557 1135 1634 agmina
1155 1577 1204 1618 sua

184 1651 342 1727 improvida
366 1649 487 1709 subinde
515 1648 707 1708 cumulantes:
735 1649 841 1727 quippd
867 1650 918 1710 ubi
944 1649 1065 1710 intravit
1089 1652 1202 1710 animos

183 1763 280 1823 pavor,
295 1743 326 1801 id
350 1743 442 1802 solum
464 1748 606 1815 metuunt,
620 1742 697 1820 quod
719 1743 845 1819 primum
865 1743 1019 1802 formidare
1040 1753 1201 1822 coeperunt

183 1835 357 1912 Alexander,
380 1835 568 1910 (instantibus
590 1835 658 1910 suis,
672 1835 786 1914 impune
810 1837 961 1898 abeuntem
984 1837 1099 1896 hostem
1120 1841 1202 1919 sequi
1254 1895 1255 1920 ,

185 1930 396 2011 1'permitteret
404 1932 425 2010 ς)
447 1933 465 1964 “
478 1929 594 1990 hebetia
617 1929 676 1988 tela
698 1949 769 2006 esse,
794 1937 824 1991 et
847 1949 947 1990 manus
970 1931 1119 2012 fatigatas,
1140 1942 1200 1994 tan-

183 2033 270 2106 toque
283 2017 371 2084 cursu
383 2043 500 2102 corpore
513 2023 660 2100 exhausta,
675 2031 706 2083 ct
726 2027 854 2103 praeceps
875 2025 907 2084 in
920 2032 1032 2084 noctem
1053 2027 1115 2086 diei
1129 2035 1200 2088 tem·

183 2120 266 2201 pus,'’
294 2120 312 2150 ¹⁴
322 2125 458 2179 causatus
479 2125 530 2178 est
572 2118 688 2178 Revera
711 2119 747 2178 de
765 2119 839 2179 laevo
859 2139 955 2195 cornu,
980 2120 1085 2198 1⁸quod
1107 2122 1199 2182 adhuc

184 2217 215 2276 in
236 2215 298 2275 acie
321 2223 398 2276 stare
422 2214 567 2290 credebat,
588 2213 737 2288 sollicitus,
758 2213 865 2274 reverti
887 2214 925 2272 ad
946 2214 1095 2273 ferendam
1117 2235 1199 2294 opem

184 2313 244 2372 suis
259 2313 277 2342 ¹⁰
285 2313 396 2373 statuit.
438 2311 564 2390 Jamque
585 2310 868 2390 signaconverterat,
882 2313 947 2368 oum
969 2309 1081 2388 equites
1096 2331 1116 2370 a
1129 2313 1198 2372 Par·

182 2407 313 2464 menione
332 2405 423 2480 missi,
437 2405 517 2462 illius
537 2423 648 2482 quoque
669 2403 762 2480 partis
782 2403 932 2463 victoriam
952 2403 1098 2464 nunciant.
1141 2405 1198 2468 Sed

183 2499 295 2557 nullum
316 2516 350 2555 eo
364 2498 412 2556 die
433 2499 526 2572 majus
547 2497 704 2573 periculum
724 2497 833 2571 1⁷adiit,
847 2501 935 2576 quam
955 2497 1026 2558 daim
1038 2499 1138 2576 copias
1157 2520 1197 2559 ra·

184 2591 264 2651 ducit
277 2591 308 2650 in
321 2597 423 2650 castra.
465 2591 557 2650 Pauci
578 2611 643 2650 eum
656 2598 686 2650 et
701 2592 887 2670 incompositi
907 2594 1101 2672 sequebantur
1114 2613 1197 2654 ovan-

182 2693 228 2746 tes
241 2685 371 2747 victorit.
414 2682 527 2762 Quippe
548 2704 645 2745 omnes
666 2685 772 2762 hostes,
786 2693 837 2745 aut
857 2687 888 2745 in
906 2687 1005 2766 fugam
1018 2687 1135 2765 effirsos,
1149 2696 1197 2748 aut

183 2783 215 2844 in
228 2783 287 2843 acie
301 2783 439 2842 cecidisse
453 2780 614 2842 credebant.
657 2780 733 2842 unm
749 2782 868 2860 repente
882 2801 919 2841 cx
931 2781 1050 2843 adverso
1064 2785 1197 2862 apparuit

183 2899 284 2958 agmen
308 2879 446 2960 equitum,
463 2877 514 2958 qui
535 2877 630 2956 primu
650 2877 802 2938 inhibuere
823 2895 955 2954 cursum
977 2877 1080 2936 deinde
1101 2879 1196 2940 Mace·

184 2973 290 3032 donam
313 2975 458 3051 paucitate
484 2976 645 3050 conspecta,
669 2978 780 3030 turmas
803 2971 833 3029 in
853 2972 952 3034 obvios
972 2971 1194 3036 concitaverunt

184 3067 263 3126 Anto
290 3067 374 3146 signa
400 3069 466 3127 Rex
491 3068 562 3142 ibat,
591 3067 610 3096 ¹⁸
620 3065 801 3125 dissimulato
827 3067 920 3144 magis
946 3065 1084 3144 periculo,
1108 3070 1197 3146 quim

183 3167 288 3238 quac
340 3160 1196 3240 denudaretpapaaanntdnmsrumstffidna

184 3253 318 3334 Namque
341 3256 511 3333 praefectum
536 3257 682 3336 equitatus
708 3255 825 3316 sudum
852 3256 1024 3332 certaminis,
1052 3263 1084 3314 et
1109 3257 1148 3318 ob
1167 3258 1197 3316 id

183 3351 276 3430 ipsum
302 3350 447 3410 incautius
472 3351 505 3408 in
531 3369 562 3411 se
588 3359 726 3427 ruentem,
753 3350 839 3410 hasta
864 3351 1016 3411 transfixit
1068 3351 1135 3424 Quo
1161 3373 1197 3412 ex

184 3465 258 3525 equo
269 3445 358 3524 lapso,
372 3443 543 3523 proximum,
558 3463 591 3503 ao
614 3445 718 3504 dcindd
740 3445 847 3523 plures,
861 3445 961 3506 eodem
980 3446 1038 3504 telo
1059 3446 1194 3508 confodit.

183 3541 321 3602 Invasere
342 3539 473 3600 turbatos
496 3539 581 3598 amici
603 3557 723 3620 quoque,
736 3559 789 3599 neu
812 3541 911 3600 Persae
931 3541 1017 3600 inulti
1038 3541 1195 3603 cadebant·

183 3635 289 3714 quippd
303 3655 361 3695 non
382 3633 552 3694 ”universae
573 3631 658 3709 acies,
671 3637 759 3712 qudm
777 3635 824 3695 hae
837 3635 1064 3696 ²¹oumu1tuariae
1085 3655 1187 3698 manus
1254 3627 1255 3702 l

183 3729 382 3790 vehementius
395 3729 486 3788 iniere
500 3735 652 3789 certamen.
680 3729 822 3788 ‘Tandem
841 3729 975 3804 Barbari,
995 3731 1064 3788 ovim
1077 3731 1192 3794 obscura

183 3821 248 3882 luce
261 3821 330 3900 tuga
342 3824 433 3883 tutior
445 3824 593 3884 videretur
606 3841 678 3899 esse,
692 3825 778 3902 quim
786 3842 891 3902 pugna,
901 3821 1023 3886 diversis
1035 3825 1195 3904 agminibus
1254 3789 1255 3862 l
