2642 4386
184 349 245 412 m
500 363 676 418 nuruu-
691 365 846 408 uuurrr.

184 503 349 585 enhilisqne
370 501 521 584 emplien'r
533 503 644 582 immo,
658 504 773 580 ”quim
793 523 848 582 pro
865 523 1020 583 oorpornm
1038 501 1142 566 hubitn
1152 523 1190 566 re

183 599 286 680 linqui,
300 607 337 660 ut
355 599 483 679 speeiem
496 601 626 662 omnium
646 607 774 681 ungeret,
788 600 955 678 posteritati
967 599 1059 660 isllex
1078 600 1200 662 mirseu

182 693 245 756 lnnr
258 714 436 774 prosperans.
479 696 561 756 Hine
573 703 709 774 repetens
729 716 795 776 quse
808 715 941 756 emensus
955 703 1027 772 eret,
1041 695 1079 754 sd
1091 695 1200 756 flumen

183 789 343 852 Acesinen
355 791 434 852 looet
445 799 549 852 ostro
592 791 642 852 Ibi
655 792 733 852 forte
747 791 853 854 (loenns
866 791 966 854 morbo
981 791 1130 852 extinctus
1143 798 1200 852 est.

185 884 278 964 Oujue
292 894 386 946 morte
398 886 540 966 ingemuit
559 887 627 947 Rex
645 887 780 966 quidem,
802 886 910 964 udjeeit
930 893 1036 960 temen,
1051 887 1071 915 ¹⁷
1078 893 1201 964 propter

182 999 291 1058 peuoos
311 981 374 1040 dies
388 980 503 1060 longum
517 981 678 1040 orationem
702 1002 768 1040 eum
793 1001 938 1058 exorsum,
953 982 1095 1060 tunqudm
1117 981 1202 1042 solus

184 1073 386 1134 Macedonium
398 1075 514 1137 risurus
534 1084 619 1136 esset.
662 1075 732 1136 Jum
746 1078 865 1156 ineque
877 1076 990 1151 olessis,
1001 1095 1089 1156 quem
1108 1078 1200 1138 aedifi-

183 1169 243 1228 ueri
253 1171 393 1247 jusserat,
408 1169 513 1232 stebet
557 1171 642 1232 Inter
654 1172 717 1232 hoeo
732 1172 870 1232 Memnon
890 1192 926 1232 ex
942 1171 1067 1232 Thrnoie
1087 1172 1119 1232 in
1132 1192 1202 1252 sup·

182 1265 362 1344 plumentum
384 1267 517 1348 equitum
540 1269 707 1344 sexmillie,
721 1276 828 1348 praeter
841 1287 890 1328 eos
911 1268 948 1329 eb
971 1267 1103 1346 Harpalo
1118 1269 1203 1346 pedi·
1313 1307 1314 1312 η

183 1367 248 1422 tum
261 1369 373 1440 septem
385 1363 479 1424 millio
493 1363 671 1442 adduxeram
693 1383 827 1444 nrmeque
837 1363 944 1444 viginti
962 1363 1090 1444 quinque
1103 1364 1202 1424 millin

183 1476 256 1518 euro
278 1465 309 1518 et
329 1466 449 1538 urgento
474 1458 577 1519 eselete
597 1460 774 1538 pertulerat:
795 1459 878 1538 queis
902 1459 1076 1534 distributis,
1096 1467 1202 1520 vetere

183 1553 306 1614 eremari
316 1554 415 1630 jussit.
459 1554 478 1584 ¹⁸
488 1555 573 1615 Mille
593 1556 716 1634 nauigiis
730 1556 862 1614 editurus
878 1554 1035 1630 Ooennum,
1049 1555 1202 1618 disoordes

183 1655 215 1707 et
228 1655 328 1710 vetere
350 1649 419 1708 odiu
439 1657 632 1711 retractantes
655 1653 764 1712 Porum
778 1659 808 1710 et
822 1652 963 1726 Taxilem,
978 1651 1075 1712 Indiae
1088 1651 1201 1731 Reges,

183 1743 298 1802 &mute
322 1763 375 1821 per
388 1745 557 1804 affinitatem
578 1747 685 1824 gratie,
698 1748 818 1827 reliquit
831 1747 862 1806 in
882 1748 943 1808 suis
963 1748 1069 1827 regnis,
1084 1767 1202 1810 summo

183 1835 400 1896 inmdilieondt
414 1839 506 1898 olosse
530 1841 679 1900 amborum
701 1842 799 1901 studio
822 1861 901 1902 usus
946 1841 1063 1920 oppius
1083 1863 1202 1922 qnoque

183 1931 241 1990 dno
263 1932 403 2018 uendidit,
423 1953 545 2014 quornm
574 1935 697 1994 elterum
725 1937 855 1996 Nireum
882 1937 1049 2016 appellarit,
1071 1939 1203 2000 ultorum

184 2028 386 2105 Bucephalos,
401 2029 475 2108 equi,
489 2047 575 2109 quem
597 2032 742 2104 emiserat,
761 2032 913 2094 memoriae
929 2052 963 2092 uo
985 2034 1096 2094 nomini
1118 2035 1202 2094 dedi·

123 2167 127 2184 .
183 2141 251 2184 eene
264 2123 374 2186 urbem.
418 2123 591 2204 Elephantis
606 2125 710 2186 dende
726 2134 756 2187 et
777 2127 992 2206 impedimentis
1013 2132 1093 2190 terre
1115 2132 1202 2210 sequi

189 2220 290 2298 jussis,
305 2221 431 2280 seeundo
455 2241 537 2282 smne
558 2223 690 2298 deduxit,
704 2223 897 2303 quodraginta
915 2224 1006 2284 iermd
1031 2225 1127 2284 stodis
1141 2227 1200 2286 sin·

183 2316 262 2394 gulis
284 2316 386 2378 diebus
408 2318 575 2395 procedens,
590 2326 625 2378 ut
649 2319 819 2398 opportunis
846 2318 918 2380 loeis
940 2320 1046 2399 exponi
1071 2319 1200 2382 subinde

184 2411 275 2487 oopiee
289 2417 414 2486 possent.

244 2501 303 2560 IV.
328 2505 373 2562 10.
396 2503 573 2564 Perventum
594 2513 657 2564 eret
676 2507 708 2565 in
731 2508 887 2585 regionem,
910 2509 941 2568 in
960 2513 1020 2588 qni
1038 2509 1199 2588 Hydaspen

183 2595 277 2654 omnis
291 2595 411 2656 Aoesini
425 2600 623 2658 committitur.
666 2600 747 2660 Hine
769 2603 899 2664 decurrit
919 2604 950 2662 in
960 2605 1017 2664 fine
1032 2603 1195 2666 Sobiornm.

184 2690 230 2750 Hi
253 2690 290 2750 de
310 2691 443 2751 exercitu
458 2692 597 2752 Herculis
619 2697 745 2772 majores
766 2715 834 2756 suos
858 2707 1082 2758 eommemorent
1102 2719 1198 2778 eegros

184 2787 303 2848 reliotos
316 2787 428 2866 cepisse
442 2787 548 2863 sedem,
563 2790 664 2868 ¹quem
677 2791 733 2870 ipsi
747 2792 924 2854 obtinebunt
961 2794 1060 2854 Pelles
1069 2797 1197 2855 ferarum
1314 2843 1315 2860 ,

183 2901 236 2960 pro
259 2891 350 2959 veste,
376 2884 466 2945 oluvae
489 2884 548 2944 tels
574 2893 664 2944 erent.
715 2887 875 2966 Multaque,
890 2889 978 2948 etiem
1002 2892 1070 2948 edm
1098 2890 1196 2951 Graeei

184 2997 281 3036 mores
315 2979 517 3054 exoleviseent,
546 2981 668 3059 ’stirpis
704 2982 895 3043 ostendebant
927 2985 1058 3064 vestigio
1116 2986 1195 3044 Hine

184 3071 390 3132 'exscensione
404 3076 491 3150 mett,
506 3077 630 3136 ducents
644 3085 674 3136 et
694 3078 904 3158 quinquaginta
917 3080 1016 3138 stadis
1036 3081 1193 3158 prooessit;

136 3237 139 3244 Ι
185 3163 433 3245 depopulatusque
453 3171 608 3248 regionem,
623 3171 761 3250 oppidum
784 3181 871 3252 ouput
896 3176 958 3252 ejus
981 3180 1089 3234 euroni
1108 3176 1193 3253 oepit

185 3257 386 3338 Quadraginta
399 3262 531 3338 peditum
544 3267 638 3326 millis
650 3287 722 3344 gens
735 3269 766 3326 in
776 3269 841 3347 ripe
851 3269 1001 3330 fluminum
1012 3277 1194 3349 opposuerat,

183 3375 259 3436 queo,
274 3373 357 3414 smne
371 3364 515 3434 superato,
530 3360 561 3418 in
574 3362 673 3440 fugem
687 3364 835 3442 oompulit,
850 3365 1032 3446 inclusosque
1052 3365 1195 3426 moenibus

184 3458 342 3531 expugnet
383 3451 516 3513 Puberes
539 3455 687 3516 interfeoti
709 3467 786 3533 sunt,
801 3461 899 3520 oesteri
919 3463 1099 3522 ‘venierunt
1142 3461 1194 3520 Al·

91 3618 97 3634 *
185 3554 278 3606 terum
299 3546 404 3608 deindd
423 3547 526 3610 urben
548 3567 713 3629 expugnare
736 3553 866 3629 odertns,
880 3560 1041 3636 megndque
1054 3559 1085 3618 vi
1098 3557 1194 3618 delen·

188 3641 319 3702 dentium
331 3643 442 3722 pulsus,
456 3643 563 3704 multos
584 3644 775 3705 Meoedonum
789 3647 902 3710 emisit:
924 3651 976 3710 sed
989 3654 1057 3712 edm
1077 3653 1108 3714 in
1121 3655 1195 3716 obsi·

184 3735 273 3794 dione
297 3743 521 3816 persevertseet,
542 3739 688 3820 oppidani,
709 3741 862 3820 desperate
885 3744 987 3822 seluto,
1010 3748 1106 3826 ignem
1130 3749 1195 3810 eut

191 3828 290 3902 ieotre
314 3833 421 3892 teetis·
452 3853 620 3916 usqueque
647 3855 681 3896 eo
706 3836 814 3900 liberos
840 3843 1034 3920 ooujngesque
1061 3843 1195 3906 ineundis
