2600 4394
358 361 479 402 aruns
509 358 562 402 ιι.
595 361 680 402 ear.
710 359 764 402 vr.
1030 341 1069 400 49

79 501 242 560 admovendis
256 499 368 560 inutilis
382 500 522 574 turribus,
537 499 705 559 'desidente
719 497 830 573 sabulo,
846 497 1008 580 agilitatem
1021 517 1066 557 ro·

79 607 160 656 tarum
172 597 341 671 morabatur,
357 605 386 656 et
400 595 532 656 tabulata
545 595 670 654 turrium
689 593 901 673 perfringebat:
923 591 1069 672 multique

76 693 282 751 vulnerabantur
293 692 420 770 impune,
431 693 519 750 'edm
530 691 608 749 idem
621 689 808 768 recipiendis,
814 689 865 768 qui
879 687 1067 748 admovendis

75 787 290 860 turribus,'labor
304 805 353 845 eos
366 787 510 865 fatigaret.
555 785 636 863 llrgd
655 785 785 863 receptui
806 785 888 864 signo
910 783 987 860 dato,
1002 803 1067 862 pos·

74 889 129 938 tero
152 881 193 939 die
214 901 311 939 muros
337 883 471 939 ”corona
498 880 671 939 circumdari
696 877 793 957 jussit.
838 877 969 959 Ortoque
997 877 1065 953 sole,

71 977 222 1055 priusquam
249 977 416 1036 admoveret
440 975 609 1049 exercitum,
636 976 752 1054 uopem
777 973 875 1034 Derim
899 993 1065 1052 exposcens,

71 1090 172 1128 sacrum
196 1071 290 1148 patrio
318 1089 397 1129 more
425 1069 558 1130 faciebat.
600 1069 692 1128 Fortt
719 1069 928 1148 praetervolans
953 1087 1066 1144 corvus,

70 1167 89 1194 ¹⁹
96 1165 208 1244 glebam,
230 1187 317 1244 quam
342 1165 488 1243 unguibus
512 1165 635 1240 ferebat,
658 1165 756 1224 subito
780 1165 894 1223 amisit:
915 1185 981 1245 quae
1002 1167 1067 1224 edm

67 1261 153 1339 Regis
166 1261 253 1338 capiti
273 1261 433 1334 incidisset,
447 1261 577 1318 resoluta
591 1259 721 1317 defluxit.
765 1259 835 1336 Ipsa
849 1267 947 1317 autem
961 1259 1024 1318 avis
1037 1259 1067 1317 in

61 1356 190 1433 proxima
213 1362 292 1412 turre
315 1353 457 1412 consedit.
500 1353 585 1412 Illita
610 1361 673 1410 erat
696 1354 787 1412 turris
810 1353 951 1412 bitumine
966 1373 1000 1411 ac
1013 1351 1068 1412 sul·

59 1451 160 1527 phure,
174 1448 203 1505 iu
217 1452 275 1526 qua
290 1449 344 1506 alis
364 1447 543 1508 haerentibus
562 1448 674 1506 frustra
689 1467 720 1506 se
734 1447 858 1506 allevare
881 1447 902 1476 ¹¹
910 1454 1038 1522 conatus,
1053 1467 1070 1507 a

58 1542 310 1601 circumstantibus
331 1543 452 1621 capitur.
495 1542 592 1620 Digna
605 1561 652 1601 res
666 1543 737 1617 visa,
754 1543 789 1601 de
803 1548 861 1622 qut
875 1549 955 1603 vates
970 1561 1068 1602 oonsu-

54 1641 142 1712 leret‚
157 1645 189 1696 ut
203 1644 266 1696 erat
280 1657 336 1696 non
351 1639 469 1696 intactas
483 1659 500 1697 a
514 1638 718 1716 superstitione
731 1639 844 1698 mentis.
888 1637 970 1716 Ergb
986 1638 1067 1697 Aris·

52 1733 167 1808 tander,
182 1733 229 1792 uui
243 1733 370 1791 maxima
381 1733 454 1791 fides
474 1733 642 1811 habebatur,
656 1737 674 1768 “
682 1733 764 1794 urbis
784 1733 902 1813 quidem
922 1733 1068 1793 excidium

49 1828 174 1904 augurio
188 1827 239 1887 illo
253 1828 403 1906 portendi3
425 1829 564 1887 caeterum
577 1828 736 1907 periculum
751 1847 823 1903 esse,
832 1849 869 1887 ne
884 1829 952 1888 Rex
962 1829 1068 1889 vulnus

48 1926 212 2002 acciperet:
225 1926 241 1956 ’²
262 1925 360 2004 itaque
381 1925 496 1984 monuit
515 1925 650 2004 “nequid
671 1945 704 1984 eo
719 1923 766 1983 die
787 1925 957 2002 inciperet”
999 1924 1067 2000 Ille,

48 2021 219 2100 quanquam
232 2045 233 2048 ¹
246 2036 334 2078 unam
360 2019 461 2080 urbem
488 2020 554 2096 sibi,
578 2021 734 2098 quominus
759 2039 878 2078 securus
903 2017 1068 2097 AEgyptum

48 2119 188 2188 intraret,
203 2115 319 2174 obstare
341 2117 419 2194 aegrd
441 2113 561 2189 ferebat,
575 2121 673 2174 tamen
694 2115 794 2191 paruit
811 2114 882 2188 vati,
898 2115 1069 2193 signumque

48 2209 186 2286 receptui
201 2209 290 2266 dedit.

113 2307 162 2361 25.
188 2301 268 2360 Hinc
291 2303 404 2360 animus
426 2303 518 2362 erevit
540 2301 674 2377 obsessis,
696 2301 861 2382 egressique
882 2306 977 2382 porta,
995 2323 1069 2363 rece

48 2397 194 2459 lentibus
223 2397 353 2456 inferunt
381 2397 479 2476 signa:
507 2398 720 2457 cunctationem
747 2399 877 2458 hostium
901 2397 963 2458 fore
988 2419 1069 2460 suam

48 2493 234 2555 ¹cessionem
247 2493 312 2552 rati.
358 2491 417 2553 Sed
431 2493 526 2552 acribo
546 2493 634 2572 qulam
649 2494 831 2554 constantinis
852 2493 985 2572 praelium
999 2495 1068 2554 inie-

48 2597 125 2650 unt.
172 2588 192 2616 ¹⁴
201 2587 317 2666 Quippe
325 2595 360 2647 ut
371 2587 563 2647 Macedonum
574 2589 657 2667 signa
665 2589 821 2668 circumagi
829 2589 939 2664 videre,
948 2593 1068 2670 repent&

48 2689 160 2745 istunt
174 2683 308 2761 gradum.
352 2683 478 2762 Jamque
492 2684 529 2742 ad
544 2685 656 2763 Regem
674 2685 872 2763 praeliantium
886 2685 993 2744 clamor
1006 2705 1068 2762 per·

48 2785 180 2852 encrat,
193 2780 264 2837 *eum
287 2778 456 2838 denunciati
478 2779 604 2857 periculi
623 2779 703 2838 baud
724 2782 793 2838 saud
814 2799 933 2853 memor,
948 2779 1069 2840 loricam

48 2893 159 2947 amen,
176 2873 345 2950 qudmrard
357 2873 508 2948 induebat,
524 2873 624 2933 amicis
638 2869 791 2934 orantibus
812 2875 944 2952 sumpsit,
958 2882 989 2934 et
1003 2875 1069 2934 ¹'ad

48 2973 145 3030 rima
171 2969 418 3046 signapervenit.
461 2968 527 3040 Quo
549 2975 711 3048 conspecto,
727 2969 824 3030 Arabs
846 2969 971 3050 qnidam,
985 2969 1069 3031 Darii

48 3066 142 3136 flea,
161 3062 182 3092 ²⁸
190 3065 286 3140 majus
309 3064 426 3122 fortuna
441 3068 494 3123 sua
506 3063 629 3124 ‘facinus
651 3083 748 3139 ausus,
763 3065 865 3144 clypeo
884 3065 1014 3144 gladium
1027 3074 1068 3126 te·

48 3177 124 3231 ans,
142 3159 234 3236 quasi
256 3159 407 3237 transfuga
428 3159 551 3238 genibus
572 3157 666 3236 Regis
686 3158 859 3221 advolvitur.
902 3159 960 3220 Ille
974 3181 1069 3220 assurr-

48 3275 108 3315 ere
128 3253 306 3330 supplicem,
321 3255 470 3333 recipique
484 3255 561 3312 iuter
575 3271 641 3314 snos
659 3255 758 3332 jussit.
800 3257 845 3316 At
857 3255 955 3336 gladio
968 3257 1068 3317 barba·

48 3371 78 3410 :s
118 3350 248 3408 strenue
272 3349 303 3406 in
325 3349 458 3411 dextram
483 3349 635 3426 translato,
656 3349 798 3412 cervicem
821 3353 933 3430 oppetit
958 3349 1067 3427 Regis3

48 3441 135 3526 qui,
167 3443 434 3522 exigntcorporis
462 3443 654 3504 declinatione
681 3447 788 3507 evitato
816 3447 886 3520 ictu,
908 3447 940 3506 iu
962 3463 1069 3504 vanum

48 3557 163 3601 anum
191 3538 311 3598 barbari
333 3539 442 3616 lapsam
466 3547 598 3618 amputat
619 3539 726 3620 gladio,
741 3541 914 3601 denunciato
937 3539 967 3596 in
985 3535 1069 3597 illunr

48 3655 115 3697 sm
131 3632 273 3710 periculo
285 3633 332 3710 (ut
340 3635 536 3695 arbitrabatur
546 3635 619 3715 ipse)
630 3637 792 3696 defunctus.
835 3633 903 3708 sed,
912 3637 947 3690 ut
957 3633 1068 3710 opinor,

48 3726 221 3792 svitabile
236 3733 282 3787 est
294 3727 410 3788 fatum:
431 3729 539 3808 quippe
561 3729 634 3789 duim
653 3731 731 3788 inter
744 3729 886 3806 primores
906 3728 1069 3806 promptius

48 3825 179 3897 nicat,
192 3823 303 3900 sagitta
313 3822 389 3882 ictus
400 3830 454 3899 est,
465 3843 552 3903 quam
565 3843 619 3902 per
628 3823 749 3883 loricam
759 3821 900 3896 adactam,
915 3821 934 3850 ²⁴
942 3829 1067 3888 stantem

248 3921 265 3976 3
