2600 4394
142 365 182 421 22
491 379 630 430 anurr
660 377 799 422 ouurrr

141 519 219 595 bant,
230 517 280 577 alii
290 519 401 577 frustra
410 521 657 600 exsequebantur:
671 521 740 600 quia
748 521 800 582 ubi
810 529 908 600 partes
918 522 1026 598 labant,
1038 541 1150 584 summa

140 615 283 674 turbatur.

199 709 257 770 IX.
279 715 325 770 22.
348 711 437 771 Aoies
451 720 545 772 autem
556 714 609 774 hoo
620 714 706 773 modo
721 715 832 774 ¹stetit
876 713 1061 774 Nabarzanes
1071 716 1148 796 equi-

140 811 204 864 tatu
225 806 360 865 dextrum
380 827 470 868 oornu
493 809 637 886 tuebatur,
651 809 760 868 additis
784 810 966 868 funditorum
989 811 1147 888 sagittario·

138 921 261 981 rumque
282 903 387 980 viginti
410 905 500 962 ferme
524 903 663 965 millibus.
705 905 743 964 In
765 905 865 965 eodem
890 905 1055 983 Thymodes
1078 913 1146 981 erat,

139 995 252 1056 Graeeis
265 999 414 1075 peditibus
427 1001 557 1060 mercede
570 1001 722 1060 eonduetis
736 1001 858 1080 triginta
870 1001 1000 1061 millibus
1013 1001 1146 1078 praeposi·

138 1099 194 1150 tus.
239 1093 305 1151 Hoo
319 1101 383 1152 erat
396 1095 473 1153 haud
488 1095 609 1156 dubium
628 1096 716 1157 robur
730 1096 888 1172 exereitus,
901 1115 954 1173 par
967 1095 1146 1155 Macedoniae

137 1187 275 1266 phalangi
289 1190 372 1247 aoies.
415 1189 453 1248 In
466 1190 539 1250 laevo
553 1211 642 1250 eornu
656 1191 860 1250 Aristomedes
875 1192 1031 1251 Thessalus
1041 1191 1146 1270 viginti

137 1283 231 1341 millia
253 1283 451 1344 Barbarorum
472 1287 604 1364 pediturn
627 1287 760 1348 habebat.
802 1287 840 1346 In
861 1288 1020 1348 'subsidiis
1040 1307 1146 1366 pugna·

137 1378 267 1438 sissimaa
282 1380 428 1440 locaverat
440 1389 551 1460 gentes.
595 1383 697 1461 ipsum
713 1383 831 1463 Regem
844 1383 875 1442 in
889 1383 989 1442 eodem
1003 1403 1092 1442 eornu
1106 1382 1144 1440 di·

136 1474 319 1550 micaturum,
337 1477 394 1534 tria
414 1477 507 1536 millia
520 1477 697 1537 delectorum
718 1480 848 1558 equitum
863 1479 997 1538 'assueta
1016 1477 1145 1556 eorporis

136 1571 285 1645 eustodiae,
300 1578 330 1628 et
343 1573 488 1648 pedestris
501 1573 588 1647 acies,
600 1573 793 1650 quadraginta
805 1573 925 1647 ‘millia
941 1574 1142 1652 sequebantur.

137 1664 269 1743 Hyrcani
282 1666 387 1725 deinde
402 1667 539 1746 Medique
551 1669 678 1746 equites:
699 1667 744 1726 his
758 1667 884 1744 proximi
895 1674 1063 1726 eaeterarum
1077 1688 1144 1745 geu·

135 1760 209 1818 tium
229 1761 340 1834 equites
361 1761 483 1820 dextera
505 1763 636 1840 laevtque
659 1761 800 1838 dispositi.
847 1759 914 1820 Hoo
937 1781 1047 1839 agmon,
1069 1763 1144 1820 siout

135 1862 314 1932 dictumest,
329 1858 512 1932 instruetum,
528 1877 579 1916 sex
592 1857 686 1915 millia
701 1856 893 1934 jaoulatorum
906 1856 1144 1936 funditorumque

135 1955 351 2014 anteoedebant.
395 1952 566 2031 ‘Quidquid
580 1953 610 2010 in
624 1953 684 2010 illis
698 1951 841 2030 augustiis
861 1953 935 2010 adiri
955 1959 1078 2030 poterat,
1093 1954 1144 2011 im·

135 2051 285 2129 piaverunt
295 2049 393 2128 copiae,
409 2049 590 2128 “cornuaque
604 2049 671 2107 hino
685 2051 792 2128 ajugo,
804 2048 885 2106 illino
899 2067 916 2106 a
929 2049 1003 2106 meri
1017 2049 1141 2108 stabant.

134 2145 264 2205 Uxorem
284 2153 463 2224 matremque
484 2143 586 2224 Regis,
607 2151 638 2204 et
659 2143 750 2203 alium
769 2143 951 2203 ioeminarum
971 2163 1096 2222 gregem,
1111 2144 1142 2202 iu

133 2241 262 2300 medium
276 2260 378 2319 agmen
392 2248 568 2318 acceperant.

191 2341 237 2396 23.
260 2336 427 2395 Alexander
439 2337 619 2416 phalangem,
630 2340 690 2416 qut.
703 2335 778 2396 nihil
792 2337 869 2414 apud
884 2335 1058 2396 Maeedonas
1071 2334 1142 2393 vali·
1187 2407 1189 2430 k

133 2431 200 2489 dius
215 2437 287 2503 erat,
302 2431 332 2486 in
345 2431 442 2487 fronte
456 2432 618 2488 constituit.
660 2431 805 2488 Dextrum
820 2451 908 2488 eornu
930 2432 958 2488 N
960 2431 1058 2488 ioanor
1073 2431 1141 2488 Par·

132 2523 273 2584 menionis
287 2523 365 2582 filius
379 2521 532 2582 tuebatur:
554 2523 621 2579 huie
634 2523 760 2598 proximi
774 2523 892 2580 stabant
907 2521 1019 2596 Coenos,
1032 2531 1062 2581 et
1072 2525 1140 2583 Per·

132 2621 238 2695 diceas,
253 2624 284 2677 et
304 2617 463 2694 Meleager,
477 2623 507 2674 et
527 2614 714 2689 Ptolemaeus,
729 2621 760 2672 et
780 2615 934 2691 Amyntas,
954 2615 1000 2673 sui
1020 2617 1141 2695 quisque

132 2715 257 2796 agminis
272 2714 368 2773 duees.
412 2712 450 2770 In
463 2712 544 2788 laevo,
558 2709 637 2789 quod
657 2709 695 2768 ad
714 2729 793 2768 mare
812 2709 986 2786 pertinebat,
1003 2711 1140 2772 Craterus

132 2819 162 2872 et
183 2810 338 2871 Parmenio
358 2815 451 2882 erant,
472 2807 524 2866 sed
545 2803 683 2866 Craterus
706 2803 892 2864 Parmenioni
913 2824 1014 2882 parere
1031 2809 1138 2884 jussus.

133 2907 257 2986 Equites
272 2905 308 2966 ab
321 2912 446 2984 utroque
460 2921 548 2962 oornu
561 2901 659 2976 looati,
671 2901 807 2959 dextrum
823 2900 1006 2976 Maoedones,
1020 2903 1139 2961 Thesea·

130 3003 168 3062 lis
193 3001 348 3078 adjunctis,
369 2999 475 3059 laevum
501 2998 734 3075 Peloponnenses
758 2997 923 3056 tuebantur.
965 2997 1046 3056 Ante
1066 2997 1139 3056 hano

131 3098 220 3156 aoiem
233 3102 370 3173 posuerat
382 3094 564 3152 funditorum
577 3111 694 3150 manum
708 3091 866 3169 sagittariis
880 3090 1017 3150 admixtis
1028 3111 1033 3167 ;
1051 3091 1138 3151 Thra·

131 3211 178 3251 ees
193 3211 307 3272 quoque
322 3197 352 3250 et
368 3189 522 3249 Cretenses
542 3197 609 3246 ante
630 3207 733 3266 agmen
754 3187 843 3260 ibant,
858 3195 888 3246 et
901 3187 957 3263 ipsi
978 3185 1083 3245 leviter
1096 3207 1138 3246 ar·

129 3288 211 3347 mati.
230 3333 231 3337 ,
254 3287 297 3346 At
309 3285 356 3360 iis,
366 3285 416 3365 qui
426 3284 568 3362 praemissi
579 3304 596 3342 a
607 3283 697 3343 Dario
708 3285 813 3361 jugum
826 3282 933 3340 montis
944 3281 1137 3357 'insederant

131 3383 298 3462 'Agrianos
318 3381 461 3459 opposuit,
476 3399 513 3438 ex
527 3378 642 3438 Graecia
661 3397 754 3456 nuper
767 3376 910 3436 adrestos.
953 3375 1138 3435 Parmenioni

130 3485 227 3537 antem
240 3481 427 3556 praeceperat,
441 3482 483 3549 ut,
498 3475 639 3553 quantrlm
657 3480 764 3550 posset,
780 3491 883 3550 agmen
896 3471 933 3529 ad
946 3491 1025 3529 mare
1039 3478 1136 3530 exten·

130 3573 220 3648 deret,
235 3575 292 3652 qud
306 3571 423 3649 longirls
444 3570 559 3628 abesset
578 3567 734 3642 montibus,
749 3585 822 3645 quos
843 3573 1052 3643 occupaverant
1067 3566 1136 3624 Bar·

129 3665 200 3730 bari.
243 3669 287 3726 At
304 3667 466 3743 illiusque
487 3663 603 3724 obstare
617 3662 806 3735 venientibus,
821 3681 875 3719 nee
894 3652 1046 3720 oir'eumire
1066 3679 1136 3737 prae·

130 3767 290 3838 tergresses
311 3761 383 3835 ausi,
404 3759 584 3818 funditorum
604 3757 728 3814 maxime
750 3763 870 3832 aspeotu
890 3755 986 3814 territi
1007 3756 1135 3832 profuge·

127 3863 211 3916 rant:
233 3855 341 3932 'eaque
361 3873 409 3913 res
430 3852 599 3913 Alexandro
621 3857 718 3910 tutum
742 3849 865 3926 agminis
889 3849 977 3924 latus,
998 3849 1076 3927 quod
1099 3867 1136 3907 ne
