2520 4390
192 357 248 420 144
537 375 677 428 currarr
708 377 848 418 ounrrr

190 514 209 546 ¹⁸
218 513 390 593 indignatio,
403 533 456 574 neo
468 513 574 576 laetitia
586 514 737 575 moderata
749 521 804 575 est.
845 515 896 576 Ad
908 533 1007 576 omnes
1022 515 1166 575 eiiectns
1179 515 1227 574 im·

186 615 256 687 potu
276 610 422 687 ropimnr3
444 609 650 688 vituperamus,
673 609 831 685 laudamus,
853 611 1033 685 miseremur,
1050 611 1225 682 irascimur,

160 697 341 783 'nwnmqm
363 723 491 782 praesens
515 703 606 764 movit
630 704 763 764 affectio:
794 704 880 764 mode
908 703 1025 764 Indiam
1064 705 1173 780 adire,
1200 714 1224 764 et

190 797 337 858 Oceanum
350 800 432 874 libet,
445 799 530 858 mode
543 801 699 880 conjugum
713 805 744 858 et
756 799 913 859 liberorum
925 799 1095 878 patr'mqne
1117 820 1222 859 memo

187 893 232 953 ria
244 895 377 954 occurrit.
420 893 477 954 seo
491 893 544 952 hes
557 893 756 972 cogitationes,
769 894 823 953 has
835 893 912 952 inter
932 913 962 954 se
982 893 1220 972 colloquentium

187 1007 280 1063 voces,
296 990 410 1068 signum
423 988 497 1048 tube
511 987 611 1046 datum
623 989 695 1050 linit.
737 988 774 1048 Iu
787 1005 854 1048 suos
867 988 986 1068 quisque
1009 989 1143 1048 ordines
1166 1009 1220 1047 cur·

188 1083 295 1159 rimus;
318 1085 376 1142 ”et
388 1081 530 1160 quidquid
544 1082 653 1142 irarum
673 1084 704 1142 in
724 1083 907 1144 tabernaculo
927 1089 1109 1160 conceptum
1125 1085 1217 1158 estin

188 1175 315 1236 hostium
338 1177 495 1236 effranditur
516 1177 620 1258 capita
661 1177 813 1239 ”Utinam
837 1178 969 1238 Philotas
992 1197 1121 1257 qnoque
1147 1179 1217 1238 intra

189 1272 276 1334 verba
289 1277 437 1350 peccesset
448 1271 455 1334 Ι
468 1273 484 1305 ”

251 1369 410 1430 “Proinde
424 1369 462 1428 ad
474 1367 507 1428 id
520 1375 686 1447 praevortar,
700 1375 818 1446 propter
831 1369 907 1447 quod
920 1368 963 1427 rei
976 1387 1095 1429 sumus
1142 1369 1214 1430 Ami·

190 1463 298 1540 citiam,
312 1485 377 1546 quae
389 1465 473 1525 nobis
493 1483 560 1524 oum
581 1463 702 1525 Philote
723 1463 790 1537 fuit,
805 1464 824 1492 ’¹
834 1463 906 1522 adse
928 1481 985 1521 non
999 1481 1035 1521 eo
1049 1463 1214 1538 infitias,nt

191 1565 336 1637 expetisse
349 1579 460 1638 quoque
472 1577 534 1634 nos,
548 1577 722 1638 magnosque
735 1577 772 1616 ex
785 1562 820 1616 ee
833 1558 944 1617 fructus
964 1560 1141 1636 percepisse
1161 1578 1212 1618 core

191 1653 282 1714 iitear.
325 1654 375 1712 An
387 1658 457 1714 vere
480 1653 690 1728 Parmenionis,
703 1671 788 1732 quem
801 1653 857 1714 tibi
876 1653 1043 1730 proximum
1057 1673 1130 1714 esse
1142 1655 1211 1714 volu

191 1747 253 1822 isti,
267 1749 368 1822 tilium,
382 1766 479 1806 omues
492 1767 565 1825 pene
578 1748 684 1807 amicos
698 1755 764 1808 tuos
784 1748 951 1828 dignatione
964 1748 1150 1826 vincentem,
1164 1749 1209 1808 cul·

190 1849 253 1902 tum
267 1861 284 1900 a
296 1842 379 1902 nobis
393 1861 455 1902 esse
468 1842 608 1902 miraris?
648 1844 695 1903 Tu
715 1844 830 1904 hercule
857 1843 895 1921 (si
908 1863 1008 1904 verum
1031 1846 1145 1905 audire
1163 1845 1209 1922 vis)

191 1937 267 2012 Rex,
281 1937 368 2015 hujus
388 1937 471 2000 nobis
493 1937 615 2016 periculi
635 1957 720 1998 cansa
733 1957 771 1999 es
816 1937 889 2010 Quis
912 1939 989 1998 enim
1009 1937 1091 1998 alius
1117 1941 1209 2012 effecit,

190 2039 225 2092 nt
246 2032 284 2091 ad
304 2032 450 2093 Philotam
464 2034 484 2062 ²²
496 2033 685 2110 decurrerent,
699 2034 750 2113 qui
762 2033 873 2110 placere
886 2033 995 2094 vellent
1008 2033 1096 2094 tibi?
1140 2037 1161 2066 ¹⁸
1170 2033 1210 2095 Ah

192 2127 242 2188 illo
257 2127 368 2205 traditi,
383 2128 420 2188 od
432 2128 508 2188 huno
517 2128 639 2208 gradum
649 2128 785 2188 amicitiae
796 2135 855 2188 tuse
866 2127 1053 2188 escendimus.
1091 2129 1130 2189 Is
1144 2127 1210 2208 apul

192 2232 223 2284 te
235 2223 302 2301 fuit,
317 2226 400 2303 cujus
413 2224 539 2304 gratiam
551 2231 694 2302 expetere,
708 2229 738 2281 et
750 2222 824 2281 iram
843 2223 943 2284 timere
963 2241 1126 2301 possemus.
1169 2225 1210 2284 An

192 2339 249 2380 non
260 2319 466 2398 propemoduim
480 2319 509 2378 in
522 2319 542 2348 ²⁴
551 2325 602 2378 tua
614 2317 702 2380 verba
716 2318 760 2376 tui
773 2335 880 2392 omnes,
895 2318 915 2346 ⁸⁶
924 2325 954 2376 te
966 2325 1128 2395 praeeunte,
1139 2322 1209 2397 jure

192 2415 298 2489 manns,
312 2414 428 2474 eosdem
441 2431 493 2472 nos
507 2413 639 2472 inimicos
653 2411 813 2491 amicosque
832 2411 981 2472 habituros
1001 2431 1073 2488 esse,
1086 2433 1165 2492 qnos
1182 2421 1210 2472 tn

193 2507 337 2568 haberes?
358 2509 379 2537 ²⁰
390 2507 444 2564 hoc
458 2514 634 2566 sacramento
648 2507 767 2584 pietatis
779 2506 912 2568 obstricti
925 2525 1127 2568 aversaremur
1141 2509 1208 2568 scili·

193 2607 247 2675 oet,
261 2617 345 2679 quem
357 2607 392 2659 tu
405 2600 538 2661 omnibus
556 2601 752 2678 praeferebas?
791 2601 889 2681 Igitur
908 2603 934 2661 si
953 2602 1007 2661 hoo
1028 2602 1141 2662 crimen
1161 2610 1207 2678 est,

194 2702 229 2756 tn
248 2715 353 2775 panws
373 2695 540 2754 innoeentes
561 2694 656 2769 habes,
685 2695 742 2754 imo
767 2695 883 2756 hercule
909 2696 1059 2757 neminem.
1104 2696 1207 2760 Omnes
1251 2763 1252 2786 χ

193 2793 271 2852 enim
294 2792 423 2854 Philotos
442 2789 528 2850 amici
548 2809 609 2851 esse
630 2790 799 2852 voluerunt:
820 2791 872 2851 sed
893 2791 1024 2867 totidem,
1045 2797 1117 2870 quot
1137 2793 1206 2854 vole
1251 2795 1252 2800 ’

193 2883 275 2964 bont,
289 2908 352 2950 esse
363 2907 420 2949 non
432 2893 572 2967 poteram
613 2874 705 2946 Itesi
719 2905 737 2944 a
750 2886 870 2946 consciis
890 2887 995 2946 amicos
1014 2905 1074 2946 non
1093 2887 1205 2960 dividia
1251 2901 1252 2954 l

193 3001 246 3042 neo
259 2983 296 3044 ab
310 2985 411 3044 amicis
422 2983 539 3062 quidem
547 2981 695 3060 separabis
708 2981 784 3056 illos,
794 2981 845 3060 qni
858 2981 949 3041 iidem
958 2999 1020 3040 esse
1028 2980 1205 3043 voluerunt”

256 3076 370 3148 “Quod
387 3077 481 3156 igitur
501 3075 681 3138 conscientiae
707 3076 826 3136 affertur
848 3076 1011 3136 indicium?
1040 3083 1075 3136 ut
1098 3077 1202 3156 opinor,

194 3171 264 3251 qnia
275 3171 370 3250 pridie
383 3172 574 3248 familiariter,
589 3180 619 3232 et
633 3171 696 3232 siue
716 3170 841 3247 arbitris,
855 3169 968 3231 locutus
989 3178 1034 3231 est
1054 3171 1202 3232 nobiscum

195 3267 242 3328 At
254 3286 307 3347 ego
320 3285 444 3344 purgare
457 3285 515 3325 non
527 3285 650 3346 possem,
666 3265 692 3326 si
704 3266 800 3345 pridie
813 3266 968 3346 qnioquem
980 3285 1017 3326 ex
1028 3272 1125 3328 vetere
1146 3269 1203 3328 vitt

197 3383 230 3424 eo
243 3381 323 3424 more
335 3363 499 3421 mntessem.
531 3361 561 3421 N
561 3381 616 3422 uno
628 3363 706 3438 vere,
721 3361 755 3438 si,
769 3367 803 3422 nt
816 3361 946 3422 omnibus
960 3361 1069 3437 nebus,
1078 3361 1128 3422 illo
1141 3381 1202 3443 quo

76 3501 80 3510 .
196 3477 261 3541 quo,
274 3457 325 3539 qui
336 3462 487 3536 suspectus
500 3462 554 3531 est,
567 3456 697 3533 fecimus,
707 3457 881 3516 consuetudo
894 3456 987 3516 diluet
998 3456 1131 3517 orimeu.”

258 3559 275 3592 “
285 3553 345 3618 Sed
358 3570 444 3633 equos
458 3549 622 3629 Antiphani
633 3567 692 3610 non
705 3551 855 3628 dedimus3
877 3559 908 3611 et
919 3551 1015 3630 pridie
1034 3553 1121 3630 quem
1137 3551 1201 3612 Phi

197 3652 273 3714 lotos
286 3651 416 3712 demotus
429 3653 482 3722 est,
502 3647 523 3676 ⁸⁷
532 3646 594 3707 haeo
605 3645 677 3705 mihi
696 3665 762 3706 oum
781 3645 949 3725 Antiphane
968 3665 1015 3706 res
1034 3646 1112 3706 erati
1150 3645 1201 3718 Qui

199 3747 225 3806 si
237 3765 289 3806 nos
302 3752 451 3823 suspectos
460 3743 555 3802 facere
567 3739 642 3816 vult,
655 3741 734 3821 qued
746 3741 797 3801 illo
811 3741 858 3799 die
872 3761 960 3822 equos
973 3760 1030 3802 non
1039 3740 1200 3816 dederimus

199 3841 395 3918 semetipsum,
408 3839 486 3919 qued
498 3855 547 3898 eos
560 3836 745 3912 desideravit,
758 3855 883 3916 purgare
895 3853 953 3896 non
965 3835 1081 3915 poterit
1120 3837 1139 3868 '⁸
1147 3837 1200 3898 An·
