2642 4386
423 321 546 364 uranu
573 321 664 364 vrrr.
694 323 778 363 aar.
807 323 832 363 1.
1090 305 1147 364 m

34 501 48 541 Ε
130 461 216 524 medo
243 479 313 542 ergo
342 461 445 522 Asiam
471 443 559 522 otiam
583 481 659 522 eum
687 461 755 521 istis
778 460 943 540 junioribus
970 459 1148 540 subjecisti?

34 603 45 628 ,.
131 557 243 618 Verum
277 565 323 617 est
350 557 396 634 (ut
424 559 538 637 opinor)
565 558 644 637 quod
678 557 854 618 avunculum
885 564 969 616 tuum
995 557 1026 614 in
1053 555 1147 616 Italia

130 654 240 712 dixisse
267 659 398 712 constat:
420 653 517 732 ipsum
544 653 576 712 in
602 653 679 713 viros
706 651 851 727 incidisse,
876 659 906 711 te
931 653 961 710 in
982 651 1146 714 ioemiuaa.”

34 779 44 832 ¹,
77 758 81 766 '
131 748 216 808 Nihil
229 769 265 808 ex
289 748 421 810 omnibus
443 747 607 808 inconsulte
632 767 666 807 ac
690 750 801 807 temere
825 748 898 806 actis
919 747 1031 825 Regem
1052 747 1146 828 magis

129 851 267 917 moveret,
282 845 371 922 quim
386 843 588 904 Parmenionis
603 863 669 902 cum
690 843 800 903 honore
822 843 931 902 mentio
945 843 1043 918 illata3
1066 842 1154 902 dolo'

38 939 40 948 '
129 959 189 998 rem
204 946 301 999 tamen
325 940 393 999 Rex
406 941 524 1017 pressit,
540 946 694 998 contentus
716 938 840 1016 jussisse
859 945 895 998 ut
915 937 1050 998 convivio
1065 947 1156 996 exce-¹

34 1085 36 1118 3
127 1033 225 1094 deret:
246 1053 300 1093 nec
323 1035 481 1114 quidquam
504 1034 585 1094 aliud
608 1035 726 1112 adjecit,
750 1036 847 1114 quim,
870 1033 996 1094 forsitan
1018 1053 1084 1093 eum
1106 1031 1145 1110 (si

35 1179 39 1189 .
125 1129 240 1190 diutiris
263 1131 378 1190 locutus
400 1131 488 1208 foret)
513 1131 533 1159 ³¹
543 1131 785 1210 exprobraturum
808 1130 865 1191 sibi
891 1131 984 1190 fuisse
1010 1129 1102 1190 vitam
1127 1148 1146 1188 a

124 1226 280 1304 semetipso
295 1226 408 1284 datam:
430 1225 484 1284 hoc
498 1226 575 1284 enim
599 1225 723 1303 superbe
738 1245 814 1304 saepe
832 1227 968 1302 jactisse.
1012 1225 1033 1256 '⁸
1044 1226 1146 1304 Atque

34 1305 37 1312 ’
123 1321 210 1380 illum
223 1327 408 1380 cunctantem
422 1321 516 1380 adhuc
531 1340 657 1400 surgere,
672 1321 722 1400 qui
735 1320 862 1398 proximi
875 1321 903 1379 ei
923 1320 1090 1394 cubuerant,
1104 1321 1148 1378 in·
1194 1363 1198 1372 .

131 1416 221 1492 jectis
235 1415 378 1489 manibus,
396 1417 547 1492 jurgantes
567 1422 774 1494 monentesque
795 1415 975 1474 conabantur
994 1415 1145 1475 abducere.

127 1509 226 1570 Clitus
240 1511 308 1568 crim
332 1509 559 1585 abstraheretur,
574 1511 610 1569 ad
632 1509 787 1588 pristinam
806 1509 826 1540 ⁸¹
836 1510 1005 1570 violentiam
1018 1507 1065 1570 i'ra
1078 1529 1147 1590 quo·

124 1625 183 1685 que
197 1605 320 1684 adjecta,
335 1609 353 1640 “
363 1605 382 1634 ¹⁶
391 1605 453 1668 Suo
465 1613 582 1684 pectore
591 1613 705 1685 tergum
714 1606 794 1666 illius
803 1625 866 1666 esse
876 1606 1027 1666 defensum
1039 1627 1046 1684 ;
1069 1625 1147 1666 nune

124 1702 282 1780 postquam
296 1702 370 1761 tanti
391 1703 490 1761 meriti
510 1703 653 1782 praeteriit
677 1709 800 1781 tempus,
816 1703 904 1761 etiam
919 1703 1088 1762 memoriam
1102 1703 1154 1762 in-'

123 1797 217 1856 visam
231 1799 322 1872 esse,’'
334 1798 503 1876 proclamat.
533 1799 632 1857 Attali
645 1818 759 1878 quoque
773 1797 881 1858 caedem
895 1798 1099 1876 ”objiciebam
1114 1805 1148 1858 et

123 1893 163 1952 ad
189 1893 328 1952 ultimum
353 1894 459 1970 Jovis,
473 1915 559 1973 quem
583 1901 695 1974 patrem
718 1894 774 1955 sibi
799 1893 971 1954 Alexander
992 1901 1145 1970 assereret,

123 1989 273 2048 oraculum
287 1989 415 2065 eludens,
429 1989 544 2050 veriora
568 2009 599 2049 se
610 1991 697 2070 Regi,
711 1989 799 2070 quim
813 1997 927 2068 patrem
941 1992 1015 2067 ejus,
1028 2009 1145 2069 respon·

124 2083 205 2144 disse
220 2085 343 2144 dicebat.
463 2087 464 2093 ’
828 2161 830 2164 ¹

188 2181 214 2240 6.
237 2179 256 2208 ¹¹
266 2178 289 2238 J
289 2199 338 2236 am
349 2185 465 2238 tautum
477 2178 531 2238 irae
544 2185 710 2256 conceperat
723 2179 800 2254 Rex,
814 2184 955 2257 quantum
967 2179 1019 2238 vix
1032 2179 1147 2240 sobrius

121 2275 202 2336 ferre
214 2274 366 2352 potuisset.
409 2274 567 2333 Enimvert
581 2293 661 2333 mero
675 2273 745 2332 olim
759 2274 891 2334 sensibus
910 2273 1006 2348 victis,
1020 2293 1058 2332 ex
1070 2273 1146 2336 lecto

121 2374 245 2450 repente
264 2369 408 2449 prosiluit.
451 2369 582 2428 Attoniti
604 2369 698 2446 amici,
712 2389 749 2429 ne
768 2368 874 2448 positis
886 2368 1013 2450 quidem,
1028 2370 1079 2430 sed
1099 2369 1147 2431 ab·

131 2466 220 2545 jectis
232 2465 352 2544 poculis,
366 2471 560 2545 consurgamt;
583 2465 614 2524 in
627 2472 761 2526 eventum
772 2465 825 2542 rei,
839 2485 926 2544 quam
939 2472 1021 2526 tanto
1035 2466 1146 2545 impetu

121 2568 242 2622 acturus
264 2569 349 2638 esset,
370 2561 483 2621 intenti
525 2561 702 2637 Alexander,
724 2565 810 2640 rapta
831 2559 933 2620 lancea
955 2579 991 2620 ex
1013 2563 1146 2622 manibus

121 2657 270 2737 armigeri,
285 2657 397 2720 clitum
410 2656 502 2718 adhuc
515 2657 618 2716 eedem
637 2657 745 2736 linguae
765 2657 988 2736 intemperantia
1001 2658 1146 2716 furentem

120 2759 271 2832 percutere
291 2759 455 2828 conctusa
474 2752 634 2812 Ptolemaeo
648 2759 679 2812 et
699 2753 840 2813 Perdicca
860 2751 1016 2812 inhibetur.
1058 2751 1148 2811 ⁸'lde-
1198 2779 1202 2786 ·

123 2849 209 2908 dium
221 2847 371 2924 complexi,
383 2855 412 2905 et
425 2847 567 2908 obluctari
580 2835 1022 2926 perseverantem,morabantu1·
1034 2865 1041 2906 :
1063 2847 1156 2926 Lysi.

122 2941 245 3002 machus
256 2947 285 3000 et
299 2941 444 3000 Leonatus
458 2942 547 3000 etiam
566 2942 696 3002 lanceam
710 2941 897 3002 abstulerant
938 2940 998 3001 Ille
1017 2941 1146 3004 militum

121 3037 212 3098 fidem
232 3035 399 3115 implorans,
412 3037 612 3114 comprehendi
628 3056 658 3096 se
672 3057 690 3095 a
702 3036 842 3114 proximis
862 3037 1027 3114 amicorum,
1042 3039 1147 3118 ”quod

122 3133 216 3194 Dario
229 3151 322 3210 nuper
335 3130 496 3207 accidisset,
510 3131 670 3192 exclamat:
691 3133 857 3212 signumque
877 3134 950 3194 tuba
971 3133 1045 3212 dari,
1060 3141 1094 3194 ut
1108 3133 1146 3193 ad

122 3229 235 3308 regiam
256 3226 363 3288 armati
384 3227 504 3303 coirent,
517 3226 610 3305 jubet.
653 3227 727 3286 Tum
740 3229 809 3288 'verb
832 3229 1010 3290 Ptolemaeus
1032 3237 1062 3288 et
1076 3229 1147 3288 Per·

125 3323 221 3382 diceas
234 3323 357 3408 genibus
371 3321 504 3382 advoluti
518 3327 611 3397 orant,
624 3341 661 3381 ne
681 3321 711 3382 in
724 3329 785 3383 tam
797 3325 938 3404 praecipiti
959 3325 1005 3384 ira
1018 3341 1147 3402 perseve-

124 3425 183 3494 ret,
197 3419 378 3498 spetiumque
397 3418 499 3496 potiris
520 3417 615 3477 animo
636 3417 703 3479 det:
724 3419 819 3478 omnia
837 3429 954 3498 postero
968 3419 1015 3477 die
1032 3416 1146 3493 justius

125 3521 324 3574 executurum
367 3513 426 3575 Sed
446 3514 551 3574 clausae
571 3521 655 3574 erant
672 3533 765 3592 aures,
786 3515 971 3592 obstrepente
990 3511 1045 3570 ire.
1087 3509 1147 3570 lta·

124 3631 181 3690 que
194 3610 215 3640 ⁴⁰
225 3610 370 3689 impotens
383 3609 479 3686 animi,
492 3609 636 3689 percurrit
648 3609 679 3670 iu
698 3612 787 3691 regiae
806 3607 992 3681 vestibulum,
1007 3611 1046 3680 et,
1060 3605 1146 3685 vigili

126 3705 280 3767 excubanti
300 3705 386 3764 hasta
406 3704 515 3781 ablati,
529 3705 664 3766 constitit
683 3705 714 3764 in
727 3703 849 3776 ⁴¹aditu,
870 3720 928 3780 quo
948 3717 1065 3759 neeesse
1083 3707 1147 3761 erat

126 3801 173 3877 iis,
196 3801 246 3881 qui
268 3801 355 3860 simul
376 3808 564 3876 coenaverunt,
587 3800 693 3880 egredi.
735 3797 879 3858 Abierant
902 3795 1019 3856 caeteri:
1050 3795 1146 3859 olicus
