2600 4394
392 311 514 352 arasa
535 311 589 352 rv.
618 311 703 354 cas.
732 311 766 352 v.
1045 293 1085 354 47

94 469 208 511 coronam
221 469 337 513 auream
351 449 458 513 donam
470 449 603 511 uictoriae
614 449 730 513 ferrent
774 451 795 483 ¹⁴
803 449 901 510 Iidem
913 447 1002 528 panlt
1015 449 1084 508 ruta

93 545 196 604 incertae
217 537 301 604 famae
324 552 512 624 captaverant
535 565 643 621 auram,
666 553 700 604 ut
722 545 902 624 qudcumque
925 545 1085 622 pendentes

93 641 190 700 animoa
212 641 326 698 tulisset
352 641 478 714 fortuna,
504 648 699 720 sequerentur.
745 639 918 700 ¹‘Caeterdrn
940 659 999 698 non
1022 640 1084 717 ipss

92 737 167 794 modd
180 737 240 795 Rex
253 737 351 798 obibat
365 737 460 810 urbes,
476 737 591 814 imperii
602 739 706 815 jugum
721 735 815 796 adhuc
829 744 1011 796 recusantes:
1032 735 1085 794 aad

92 831 222 890 Praetores
245 851 358 910 quoque
381 832 483 910 ipsius,
502 832 612 910 egregii
633 832 730 906 duces,
750 831 887 910 pleraque
910 833 1084 890 invaserant.

92 925 168 986 Galae
181 925 416 1004 Paphlagoniam,
427 927 595 1006 Antigonus
610 926 795 1005 Lycaoniam,
809 926 962 1002 Balacrus,
977 926 1085 986 Idarne

88 1021 205 1080 Praetore
214 1021 298 1080 Darii
312 1029 456 1100 superato,
469 1021 606 1080 Miletum
619 1022 713 1100 cepit:
735 1021 935 1100 Amphoterus
945 1029 976 1082 et
988 1021 1085 1100 Hege-

86 1115 184 1192 lochus,
195 1123 310 1177 centum
323 1118 475 1196 sexaginta
487 1117 606 1178 navium
619 1117 721 1192 classe,
731 1117 842 1178 insulas
854 1117 931 1178 inter
943 1117 1085 1178 Achaiam

84 1219 164 1290 atque
177 1213 278 1272 Asiam
293 1213 324 1273 in
338 1211 479 1272 ditionem
494 1211 658 1272 Alexandri
672 1211 863 1292 redegerunt,
886 1213 1004 1274 Tenedo
1016 1231 1084 1293 quc·

82 1327 136 1386 que
154 1311 276 1385 recepte,
293 1306 396 1382 Chion,
410 1306 513 1366 incolis
536 1306 616 1366 ultrd
628 1307 809 1381 vocantibus,
824 1315 986 1366 statuerant
1005 1327 1087 1368 caan-

80 1423 156 1480 pare.
197 1403 255 1462 Sed
279 1401 486 1462 Pharnabazus
510 1401 595 1460 Darii
619 1401 744 1476 Prmtor,
770 1401 1013 1480 ”comprehensis
1036 1403 1088 1481 qui

80 1516 128 1556 res
142 1497 177 1556 ad
191 1497 364 1556 Macedonas
378 1496 540 1569 trahebant,
551 1497 656 1556 rursda
670 1485 842 1574 Apollonidi
852 1505 882 1556 ct
893 1498 1088 1577 Athenagora

79 1611 194 1653 suarum
213 1591 341 1670 partium
360 1591 442 1666 viris,
456 1592 558 1653 urbem
578 1611 644 1652 cum
664 1592 776 1654 modico
799 1593 936 1670 praesidio
960 1593 1088 1654 militum

78 1687 177 1746 tradit.
220 1687 360 1748 Praefecti
373 1687 537 1748 Alexandri
551 1687 581 1746 in
595 1687 744 1748 obsidione
757 1689 839 1749 urbis
852 1689 1086 1766 perseverabant,

76 1784 98 1812 ¹⁷
106 1803 162 1842 non
180 1788 238 1842 tam
259 1783 319 1843 suis
340 1783 460 1859 viribus,
475 1785 564 1863 qudm
587 1783 725 1862 ipsorum,
738 1783 789 1864 qui
809 1783 1025 1859 obsidebantur,
1040 1801 1087 1844 vc

71 1879 194 1942 luntate.
235 1879 265 1940 N
268 1899 300 1938 ec
314 1880 422 1940 fefellit
440 1880 546 1958 opinio.
588 1880 723 1960 Namque
743 1880 820 1940 inter
833 1879 1042 1958 Apollonidem
1056 1887 1088 1939 et

71 1974 163 2033 duces
186 1973 314 2038 militum
334 1983 398 2034 crta
419 1975 536 2050 seditio,
549 1975 729 2054 irrumpendi
742 1975 773 2032 in
786 1975 889 2036 urbem
910 1975 1088 2036 occasionem

69 2069 164 2130 dedit
208 2069 342 2149 Cquue
361 2073 446 2148 pontt
459 2070 580 2130 effracta
600 2071 704 2130 cohors
725 2069 919 2129 Macedonum
937 2071 1088 2143 intrasset,

66 2163 222 2244 oppidani,
236 2165 306 2224 clim
326 2165 446 2224 consilio
466 2163 641 2240 proditionis
661 2165 781 2242 agitato,
796 2171 955 2240 aggregant
974 2183 1006 2222 ee
1021 2165 1089 2222 Am-

64 2260 197 2338 photero
208 2271 240 2316 et
251 2257 436 2336 Hegelocho,
458 2258 673 2336 Persarumque
685 2257 823 2334 prasidio
833 2275 916 2331 oaeso,
932 2257 1091 2316 ”Pharna-

66 2355 164 2414 bazus
185 2372 252 2414 cum
271 2351 452 2431 Apollonide
472 2360 503 2412 et
522 2353 714 2433 Athenagora
733 2353 825 2413 vincti
846 2351 1017 2414 mudantur:
1047 2353 1091 2414 xii

61 2449 210 2508 triremes
224 2467 290 2506 oum
304 2467 358 2507 ano
371 2447 466 2508 milite
480 2468 514 2508 ac
526 2447 645 2526 remige,
657 2455 766 2526 preater
776 2467 825 2508 eas
835 2449 977 2528 tringinta
990 2449 1091 2508 inanes

59 2553 99 2606 et
114 2543 238 2624 piratici
257 2543 356 2619 lembi,
374 2543 599 2624 Graeacrumque
619 2544 677 2604 tria
696 2543 791 2603 millia
803 2564 821 2602 a
835 2545 937 2604 Persis
956 2545 1091 2604 mercede

57 2639 227 2699 conducta
271 2637 329 2698 Hie
345 2639 364 2667 ¹⁹
373 2639 405 2698 in
418 2637 652 2718 supplementum
663 2639 809 2717 copiarum
823 2657 940 2698 suarum
955 2639 1091 2698 distribu-

56 2735 116 2808 tis,
129 2733 296 2813 piratisque
306 2733 449 2813 snpplioic
460 2733 583 2812 affectis,
590 2735 720 2812 captivos
731 2733 857 2812 remiges
864 2733 998 2812 adjacere
1005 2732 1092 2792 classi

53 2849 141 2890 suae.

133 2927 187 2999 22,
219 2922 309 2984 Forte
334 2923 523 2985 Aristonicus
551 2923 815 3002 Methymnaeorum
840 2921 1002 3000 Tyrannus,
1026 2941 1093 2984 oum

52 3017 207 3098 piraticis
228 3018 362 3096 navibus,
375 3019 493 3096 ignarus
505 3019 636 3078 omnium
649 3038 717 3097 quae
736 3017 774 3076 ad
789 3015 895 3078 (lhium
915 3025 980 3077 acta
999 3031 1092 3085 erant,

52 3115 167 3194 prima
182 3113 288 3193 vigilie
302 3113 340 3174 ad
358 3118 466 3193 portua
483 3115 614 3174 claustra
633 3113 788 3174 succeseit:
809 3113 1093 3193 interrogatusquea

52 3209 256 3288 custodibus,
267 3213 282 3243 “
289 3210 355 3288 quia
367 3217 457 3288 esset3
474 3209 675 3270 Aristonicum
686 3209 725 3267 ad
736 3209 957 3284 Pharnabazum
966 3208 1092 3282 venire,²’

52 3305 238 3384 respondit.
280 3305 334 3366 Illi
349 3309 365 3340 “
376 3305 598 3366 Pharnabazum
612 3303 730 3384 quidem
744 3307 807 3382 jam
820 3305 978 3384 quiescere,
993 3311 1024 3362 et
1036 3321 1094 3360 ncn

52 3421 157 3481 posse
172 3407 242 3462 tum
256 3401 340 3479 adiri,
353 3403 494 3465 catarum
515 3407 616 3478 patere
628 3401 708 3460 socio
729 3408 816 3479 atque
836 3399 946 3477 hospiti
967 3403 1093 3474 portum,

52 3506 87 3558 st
105 3503 240 3574 postero
254 3497 303 3558 die
316 3499 337 3526 ²⁰
345 3497 527 3558 Pharnabazi
545 3497 659 3574 copiam
673 3497 756 3556 fore’'
771 3496 922 3554 affirmant
965 3489 994 3550 N
997 3509 1029 3548 ec
1042 3489 1095 3549 dn·

52 3593 181 3653 citavit
194 3593 634 3670 Aristonicueprimueintrara.
677 3591 778 3654 Secuti
789 3597 858 3648 sunt
869 3589 970 3646 ducem
980 3585 1094 3662 piratici

52 3687 178 3764 ,embi3
205 3709 241 3748 ac
257 3689 326 3749 dim
340 3689 489 3768 applicant
508 3689 624 3766 navigia
637 3685 780 3765 crepidini
798 3685 913 3760 porros,
929 3679 1097 3758 objicitnra

52 3782 219 3860 rigilibus
234 3783 405 3860 claustrum,
419 3790 451 3842 et
462 3783 514 3862 qui
527 3781 655 3862 proximi
675 3777 867 3851 excubabant,
881 3775 918 3836 ab
932 3775 1035 3836 iisdem
1049 3793 1096 3836 cx·
