2642 4386
401 417 524 460 nunus
553 417 645 458 viu.
674 418 757 458 our.
788 417 821 458 x.
1070 401 1125 462 eol

111 564 297 638 peroeretur3
319 556 504 617 munimentis
517 556 608 634 urbis,
621 575 708 635 quum
719 554 879 632 obsidebat,
893 555 1023 618 ineensis
1066 556 1127 620 Ose-

110 657 209 714 terum
232 653 301 712 dum
324 652 509 732 obequitabat
532 651 685 727 moenibus,
710 652 819 731 sagittat
841 653 917 712 iotus
938 660 990 714 est.
1041 651 1128 732 Cepit

109 755 208 810 temen
229 748 372 827 oppidum,
395 755 425 807 et
446 748 579 809 omnibus
601 746 706 806 ineolis
729 748 792 824 ejus
811 745 973 823 trucidetis,
987 747 1075 808 etiem
1095 749 1128 810 iu

109 849 190 902 teoto
211 843 343 904 saevitum
363 849 416 904 est.
459 841 534 902 Inde
557 842 667 901 domitd
689 841 812 922 ignobili
835 847 929 921 gente,
952 842 990 900 ed
1015 841 1126 922 Nysum

109 938 209 1000 urbem
228 940 364 1016 pervenit
405 937 496 998 soree
518 937 622 998 uestris
642 945 709 996 ente
730 937 835 996 monia
856 936 920 1016 ipse
939 937 970 996 in
989 937 1125 1015 sylvestri

109 1033 172 1092 looo
184 1034 294 1112 positis,
307 1040 484 1094 uooturuum
497 1033 591 1112 frigus
604 1031 804 1094 vehementius
817 1035 904 1111 quem
917 1031 992 1094 eliis
1005 1032 1124 1094 horrore

107 1147 225 1207 eorpors
257 1129 364 1204 effecit,
397 1128 665 1206 ‘opportunumque
698 1127 857 1186 remedium
890 1127 966 1205 ignis
994 1127 1123 1188 oblutum
1195 1113 1203 1126 ’

107 1230 159 1283 est
201 1222 413 1302 Oaesisquippe
434 1222 526 1300 sylvis
546 1222 689 1280 murnum
711 1221 929 1282 excitaverunt:
950 1242 1016 1300 quse
1036 1223 1123 1302 lignis

106 1317 178 1376 ulite
201 1318 409 1396 oppidanorum
433 1315 582 1393 sepulchre
606 1315 827 1392 eomprehendit.
882 1314 1011 1374 Vetustd
1038 1317 1122 1378 eedro

105 1413 183 1472 seete
206 1419 298 1486 erunt,
322 1416 544 1488 eouoeptumque
566 1409 664 1488 iguem
690 1407 751 1469 lete
774 1408 885 1483 fudere,
912 1407 1001 1470 donee
1027 1411 1123 1470 omnia

105 1507 169 1566 solo
195 1512 310 1584 aequuts
337 1511 415 1564 suut.
470 1503 511 1562 Et
542 1523 579 1562 ex
606 1503 678 1564 urbe
711 1502 836 1580 primum
862 1522 963 1564 esuum
989 1503 1122 1580 letretus,

105 1600 212 1660 deiude
238 1600 327 1658 etiem
351 1598 497 1658 hominum
522 1597 657 1658 fremitus
682 1597 800 1658 unditus
826 1603 878 1658 est.
931 1597 1006 1658 uum
1025 1606 1056 1658 et
1074 1619 1122 1678 op·

105 1694 208 1773 piduni
233 1694 352 1770 hostem,
380 1701 411 1754 et
438 1694 612 1754 Meoedoues
637 1695 715 1772 ipsos
742 1693 780 1752 ud
806 1694 905 1756 urbem
925 1695 1037 1756 venisse
1057 1716 1120 1776 eog-

104 1796 233 1850 noseuut

166 1888 212 1945 33.
234 1885 360 1964 Jamque
387 1885 454 1944 Rex
478 1884 618 1946 eduxerat
640 1885 744 1963 oopies,
772 1891 803 1944 et
828 1885 934 1946 moenis
961 1885 1118 1962 obsidebat,

104 1981 193 2040 ‘edm
214 1980 351 2056 hostium,
374 1981 425 2059 qui
449 1980 601 2040 disorimen
625 1987 815 2055 tentaverant,
839 1981 935 2042 obruti
956 1969 1023 2042 telis
1044 1989 1118 2044 suut.

104 2076 185 2138 Aliis
208 2079 276 2154 ergo
291 2075 477 2150 deditionem,
502 2075 569 2136 eliis
592 2095 718 2154 pugnum
739 2075 866 2152 experiri
886 2075 1032 2154 pluoebut:
1052 2097 1120 2155 quo·

103 2189 173 2230 rum
185 2170 364 2230 dubitatione
386 2173 540 2248 oompertt,
553 2169 751 2228 oiroumsideri
771 2171 888 2228 tuntum
908 2187 968 2244 eos,
983 2177 1012 2230 et
1032 2170 1120 2230 obsti·

103 2265 171 2326 ueri
197 2265 321 2326 oedibus
348 2264 443 2341 jussit
499 2263 683 2341 Tandemque
710 2261 869 2324 obsidionis
892 2263 978 2322 melis
1005 2263 1121 2342 fatigati

103 2359 245 2420 dedidere
268 2379 307 2420 se.
348 2359 380 2418 A
405 2358 513 2418 lribero
535 2365 619 2436 putre
639 2357 771 2416 conditos
791 2376 822 2416 se
841 2376 904 2418 esse
917 2357 1068 2436 dioebsnt;
1090 2366 1119 2418 et

102 2475 176 2516 vere
198 2455 261 2514 huso
282 2453 361 2534 origo
383 2462 453 2514 erut.
504 2453 570 2516 Situ
592 2459 637 2514 est
661 2451 716 2514 sub
735 2451 881 2514 reditibus
899 2454 1016 2530 montis,
1035 2473 1118 2534 quern

104 2551 209 2612 Meron
222 2550 324 2610 ineolae
336 2549 491 2629 appellunt.
532 2548 606 2608 Inde
621 2547 717 2610 Greeei
730 2547 889 2608 mentiendi
902 2551 1020 2610 uexere
1033 2549 1109 2610 lioen

103 2646 184 2720 tium,
199 2645 222 2704 J
223 2645 284 2705 oris
307 2644 414 2704 femine
427 2643 565 2704 Liberum
586 2650 700 2721 petrem
712 2661 775 2702 esse
797 2642 928 2706 oeletum.
969 2644 1046 2720 Rex,
1060 2645 1120 2704 situ

102 2739 211 2800 montis
223 2739 339 2818 cognito
361 2758 399 2798 ex
420 2738 533 2815 ineolis,
548 2757 613 2798 eum
636 2745 697 2798 toto
711 2738 850 2813 exercitu,
869 2739 1026 2816 praemissis
1045 2758 1120 2796 oom-

102 2834 255 2908 meutibus,
269 2835 405 2892 verticem
428 2835 491 2911 ejus
511 2833 645 2894 aseendit.
687 2833 784 2892 Multo
800 2831 907 2892 hedera
918 2832 1043 2911 vitisque
1057 2838 1120 2890 toto

102 2929 237 3010 gignitur
256 2921 359 2986 mente.
401 2929 504 2990 Multae
526 2947 663 3006 perennes
676 2948 758 3006 eques
776 2933 902 2988 manunt.
944 2927 1120 2987 'Pomorum

101 3041 220 3104 quoque
233 3021 307 3082 surii
330 3021 512 3101 salubresque
532 3023 609 3082 suooi
633 3030 709 3097 suut,
723 3026 777 3082 sut
799 3029 901 3100 sponte
914 3022 1119 3084 'fortuitorum

103 3119 247 3194 seminum
266 3118 367 3196 fruges
388 3115 474 3176 humo
494 3117 647 3177 nutriente
698 3117 799 3193 Lauri,
822 3117 1004 3198 busserisque
1028 3120 1120 3178 multu

104 3216 137 3274 iu
149 3214 209 3272 illis
222 3213 344 3290 rupibus
356 3211 480 3290 agrestis
494 3219 539 3272 eet
552 3211 641 3290 sylva.
683 3211 776 3272 oredo
790 3212 922 3292 equidem
942 3233 1000 3274 uon
1021 3215 1118 3275 divino

106 3309 255 3383 instinctu,
279 3306 330 3367 sed
355 3306 478 3367 lusoirit
501 3325 564 3366 esse
584 3313 741 3385 provectos,
761 3315 795 3368 ut
817 3313 928 3386 possim
948 3309 1063 3372 hederae
1086 3328 1119 3366 ao

106 3404 212 3464 vitium
243 3402 314 3462 iolis
346 3401 539 3480 deeerperent,
566 3401 752 3481 redimitique
783 3403 885 3464 fronde
917 3411 979 3462 toto
1006 3421 1120 3462 nemore

107 3498 218 3558 similes
238 3496 440 3558 beoobuutibus
462 3503 642 3576 regerentur.
685 3496 815 3559 Vooibus
837 3500 905 3578 ergd
919 3505 964 3556 tot
984 3496 1119 3570 millium,

107 3593 259 3670 presidem
280 3592 405 3652 nemoris
419 3594 483 3670 ejus
496 3592 591 3652 Deum
612 3591 804 3670 odorantium,
815 3580 888 3670 juge
900 3589 1008 3648 montis
1022 3589 1121 3647 eolles-

108 3708 163 3768 que
185 3687 366 3762 resonabunt,
390 3689 457 3746 edm
480 3695 545 3746 orte
567 3687 686 3746 lieentia
710 3708 728 3746 u
749 3687 849 3765 peusis
870 3684 915 3761 (ut
937 3683 998 3742 fere
1024 3683 1068 3764 fit)
1089 3684 1121 3742 iu

109 3801 207 3842 omues
230 3801 262 3842 se
284 3783 402 3860 repense
423 3781 578 3862 vulgeteset
621 3781 745 3860 Quippe,
767 3780 847 3840 velut
872 3778 904 3836 iu
926 3777 1023 3836 medit
1042 3799 1120 3858 paee,

110 3897 159 3956 per
172 3878 277 3938 herbes
288 3883 508 3956 congestumque
526 3878 665 3949 frondem,
679 3880 895 3952 prostraverunt
914 3893 1039 3952 corpore.
1082 3875 1123 3934 Et

273 3973 308 4030 e*
