2642 4386
165 365 222 426 lca
509 381 648 434 uorum
678 381 819 426 cuerit

161 521 305 582 ducerent
346 517 407 582 Sed
418 522 536 581 fortuna
546 521 649 601 ipsius,
664 519 809 602 simulque
830 519 1008 600 epulantium
1021 519 1167 582 ”comites

161 615 295 694 provexit
322 633 420 676 ornnes
447 615 486 676 ad
513 616 625 697 largius
647 616 754 676 rinurn⁸
806 615 882 676 Ludi
906 617 994 676 etiarn
1014 615 1180 677 convivales

161 714 313 770 umere
325 715 455 790 tempus:
476 729 551 770 nunc
564 711 641 771 laetis
653 711 821 789 conjuratis,
833 711 913 791 qnod
927 711 1052 788 sopitum
1065 729 1179 790 eggres-

161 806 223 866 suri
236 811 351 866 essent:
372 825 449 865 nunc
464 805 595 867 sollicitis
617 825 655 865 ne
676 806 706 865 in
727 807 820 866 lucem
833 807 994 867 convivium
1015 805 1180 865 extrahere-

161 909 217 962 tur.
261 899 376 979 Quippe
396 901 469 960 alios
492 903 523 960 in
546 902 702 961 stationem
722 902 873 980 oportebat
892 901 987 979 prime
1002 900 1064 959 lnce
1085 919 1180 959 succe·

162 997 239 1071 dere,
260 996 386 1074 ipsorum
407 1004 472 1072 post
495 1003 604 1074 septem
627 995 690 1056 dies
711 997 846 1055 rediture
866 996 935 1056 vice.
978 995 1008 1055 N
1010 1015 1042 1054 ec
1062 1013 1181 1073 sperare

161 1097 306 1171 poterant,
321 1091 352 1149 in
363 1089 438 1150 illud
447 1097 561 1169 tempus
570 1091 700 1152 omnibus
714 1092 885 1150 duraturam
897 1091 989 1150 fidem.
1021 1089 1179 1165 Caeterum,

162 1187 230 1246 culm
251 1187 312 1264 jem
335 1186 388 1246 lux
409 1194 569 1265 appeteret,
590 1193 621 1246 et
648 1187 810 1247 convivium
831 1186 962 1262 solvitur,
983 1193 1014 1244 et
1036 1184 1182 1262 conjurati

163 1289 336 1361 exceperunt
363 1281 474 1362 Regem
501 1283 563 1343 laeti
591 1283 767 1342 occasionem
798 1281 957 1362 exequendi
986 1281 1103 1341 sceleris
1131 1279 1180 1338 ud·

163 1385 284 1455 mctnm3
306 1382 371 1437 etun
383 1379 487 1438 mulier
501 1361 520 1408 ¹³
531 1379 673 1454 attonitae,
686 1385 720 1438 ut
733 1378 874 1438 creditum
887 1383 939 1452 est,
958 1377 1072 1452 mentis,
1088 1377 1106 1406 ¹¹
1115 1395 1181 1435 ocn-

162 1474 272 1535 versari
293 1474 323 1533 in
344 1474 427 1554 regie
449 1475 543 1549 solita,
557 1474 625 1554 quia
640 1475 657 1504 ¹¹
668 1473 807 1534 instinctu
819 1473 970 1534 videbatur
989 1473 1089 1532 future
1108 1493 1181 1550 prae·

164 1569 268 1644 dicere,
282 1589 340 1628 non
363 1570 489 1628 occurrit
510 1570 595 1628 modd
616 1569 743 1645 abeunti,
767 1568 818 1629 sed
841 1569 929 1628 etiam
953 1573 1044 1628 semet
1064 1567 1181 1644 objecit,

163 1665 301 1742 vultuque
315 1671 345 1722 et
358 1663 448 1724 oculis
461 1671 571 1723 motum
590 1666 745 1742 praeferens
767 1663 864 1740 animi,
878 1671 913 1723 ut
934 1663 1042 1724 rediret
1065 1663 1097 1721 in
1116 1682 1182 1722 con·

163 1757 274 1818 rivium
287 1758 419 1834 monnit;
441 1766 471 1817 et
484 1758 533 1817 ille
546 1779 598 1836 per
611 1759 722 1834 ludum,
735 1759 808 1820 bene
831 1760 909 1819 Deos
923 1758 1052 1836 caedere,
1065 1777 1182 1838 respon-

163 1852 226 1912 dit:
239 1853 437 1932 revocatisque
445 1853 555 1930 amicis,
569 1853 599 1912 in
609 1853 709 1913 horam
723 1855 782 1914 diei
793 1855 883 1914 ferme
895 1854 1048 1915 secundem
1059 1853 1183 1916 convivii

164 1953 279 2025 tempus
291 1947 427 2009 extrahit.

225 2045 272 2102 23.
295 2042 365 2102 Jarn
386 2043 438 2102 ulii
463 2063 499 2103 ex
521 2043 638 2103 cohorte
658 2043 689 2102 in
710 2044 865 2103 stationem
887 2049 1094 2119 successerant,
1114 2049 1182 2102 ante

164 2137 291 2199 cubiculi
312 2139 389 2198 fores
413 2139 590 2199 excubaturi.
641 2139 747 2198 Adhuc
768 2147 865 2198 tamen
891 2139 1033 2217 conjurati
1056 2138 1181 2213 stabant,

164 2235 228 2296 vice
256 2234 340 2294 officii
369 2235 413 2294 sni
434 2235 572 2314 explete:
603 2233 675 2293 eded
697 2235 831 2312 pertinax
855 2242 899 2294 est
923 2253 997 2312 spes,
1020 2253 1107 2314 quam
1128 2232 1182 2291 hu·

165 2349 259 2390 mance
282 2337 394 2390 mentes
417 2331 559 2391 foverunt.
611 2329 677 2390 Rex
715 2329 869 2407 benignius
895 2331 984 2409 quiam
1016 2328 1091 2388 aliis
1111 2327 1181 2386 allo·

165 2431 257 2498 cutus,
291 2423 438 2483 discedere
469 2443 518 2483 eos
551 2425 589 2482 ed
631 2423 757 2483 curanda
791 2443 918 2502 corpore,
952 2423 1086 2504 quonium
1116 2425 1182 2481 tota

164 2524 245 2576 nocte
266 2517 472 2594 perstitissent,
499 2517 604 2594 jubet:
636 2517 704 2576 dcta
731 2524 799 2576 sunt
826 2519 950 2597 singulis
976 2517 1182 2598 quinquaginta

165 2611 315 2672 sestertia:
344 2611 517 2670 collaudetis
540 2631 652 2690 quoquc
675 2612 754 2692 qudd
777 2613 866 2671 etiam
890 2613 957 2673 aliis
977 2613 1087 2693 treditb
1107 2611 1180 2687 vioe,

165 2714 261 2767 temen
274 2707 414 2767 exeubare
427 2710 668 2784 perseverassent.
709 2707 763 2766 Illi
776 2713 859 2766 tante
873 2727 923 2786 spe
933 2708 1069 2768 destituti
1082 2708 1181 2767 domos

166 2803 292 2866 obeunt:
314 2810 344 2863 et
356 2803 455 2863 caeteri
467 2801 584 2882 quidem
605 2802 810 2880 exspectabant
831 2803 964 2863 stationis
978 2823 1038 2864 suec
1050 2811 1179 2882 noctem3

167 2899 333 2977 Epimenes,
349 2900 409 2960 sive
431 2899 568 2958 comitate
590 2899 690 2978 Regis,
703 2903 762 2978 qud
777 2899 797 2928 ¹⁴
807 2898 902 2977 ipsum
923 2899 999 2958 inter
1020 2901 1182 2978 conjuratos

166 3002 327 3072 exceperat,
352 2995 471 3072 repente
495 3001 643 3072 mutetns3
666 2994 727 3055 sive
749 2994 817 3074 quia
840 2995 942 3073 coeptis
963 2994 1039 3054 Deos
1066 2995 1181 3056 obstare

167 3088 312 3164 credebat,
326 3089 412 3149 fratri
428 3109 481 3149 suc
494 3089 671 3170 Eurylochc‚
684 3110 771 3170 quem
784 3098 869 3150 antea
882 3097 1029 3169 expertem
1042 3108 1104 3150 esse
1117 3109 1182 3150 ecn-

167 3181 228 3244 silii
240 3182 381 3258 voluerat,
401 3183 472 3264 quid
492 3194 654 3263 peraretur,
668 3186 768 3264 aperit.
813 3186 958 3249 Omnibus
971 3185 1097 3246 Philotae
1117 3204 1182 3264 sup·

167 3276 288 3358 plicium
302 3277 333 3336 in
346 3279 439 3337 oculis
460 3286 530 3340 erat
572 3280 677 3360 Itaque
697 3281 828 3360 protinus
848 3281 944 3358 injicit
956 3281 1042 3341 fratri
1055 3299 1181 3356 manum,

168 3381 198 3436 et
219 3375 250 3433 in
273 3373 381 3454 regiam
403 3375 551 3452 pervenit:
580 3376 771 3454 excitatisque
795 3376 964 3437 custodibus
987 3376 1122 3454 corporis,
1144 3375 1183 3436 ad

169 3471 292 3532 salutem
312 3469 404 3548 Regis
426 3467 579 3547 pertinere,
601 3489 667 3549 quae
689 3471 813 3546 afferret,
837 3470 966 3532 affirmat
991 3470 1051 3530 'Et
1070 3477 1183 3548 tempus

168 3585 224 3646 quc
250 3571 396 3642 venerant,
424 3570 454 3623 et
476 3562 576 3624 vultus
601 3563 679 3623 haud
708 3566 776 3623 sane
801 3564 894 3624 securi
921 3566 1011 3624 animi
1030 3564 1125 3640 index,
1152 3569 1196 3634 et

168 3662 306 3722 moestitia
328 3679 345 3720 e
369 3660 479 3720 duobus
501 3658 635 3734 alterius,
651 3659 842 3719 Ptolemaeum
861 3679 895 3719 ac
917 3659 1085 3736 Lecuetum,
1100 3678 1184 3720 excu-

169 3755 271 3814 bantes
284 3755 321 3814 ad
333 3755 458 3816 cubiculi
470 3753 566 3830 limen,
577 3754 784 3815 excitaverunt.
825 3753 928 3834 Itaque
942 3755 1051 3832 apertis
1063 3755 1175 3816 foribus

169 3853 200 3904 et
226 3846 334 3907 humine
360 3849 451 3925 illuto,
474 3850 600 3928 sopitum
626 3867 706 3909 mero
727 3867 760 3907 ec
782 3867 881 3910 somno
907 3849 1037 3908 excitent
1064 3850 1183 3932 Regem.
