2520 4390
187 311 227 372 84
527 327 667 378 eursrr
693 325 847 370 enarra.

185 473 300 528 naturas
319 465 436 544 gauium
456 466 627 529 amenitate
645 465 735 542 huJ'ns
747 463 843 542 operis
863 463 980 524 imitari
1023 463 1158 524 Diutius
1182 465 1214 524 in

186 561 242 622 hbe
265 561 337 620 urbe
360 561 448 639 quim
469 581 591 640 usquam
615 560 747 620 constitit
768 560 844 634 Iter,
865 578 918 618 neo
938 559 1017 618 ullus
1037 559 1129 620 loeus
1153 561 1212 620 dis·

185 655 302 734 oiplinee
323 655 445 714 militari
467 656 562 733 magis
579 656 688 716 uoouit
732 654 818 716 Nihil
839 654 922 724 urbia
945 656 1009 731 ejus
1030 657 1211 732 eorruptins

185 749 469 826 nortmannum
490 750 647 810 irritandas
668 749 885 828 illioiendasque
907 748 1079 808 immodioae
1104 749 1208 828 volup·

185 851 261 904 tutes
287 845 467 906 instructius.
522 843 694 905 Convivales
721 844 784 904 ludi
811 847 876 902 tota
903 843 1025 904 Perside
1061 844 1207 923 Regibus

184 940 409 1019 purpuratisque
431 939 512 1000 eordi
534 947 609 998 sunt
660 938 817 1016 Babylonii
835 938 960 998 maxime
981 938 1012 996 in
1032 938 1156 1014 vinum,
1178 947 1207 998 et

184 1053 250 1112 qum
263 1035 434 1094 ebrietatem
447 1042 615 1113 sequuntur,
629 1035 649 1062 ⁴⁰
663 1033 747 1100 effusi
761 1040 837 1092 sunt
889 1033 1127 1092 “nemineum
1143 1054 1205 1094 eon·

184 1128 263 1188 vivia
275 1128 437 1188 ineuntium
451 1129 482 1188 iu
494 1128 636 1206 prineipio
651 1129 799 1189 modestus
813 1135 858 1186 est
870 1127 997 1201 habitus,
1007 1127 1077 1186 dein
1086 1149 1205 1188 summa

184 1241 307 1304 quoeque
326 1224 449 1283 amicula
463 1231 580 1298 eruunt,
595 1223 795 1302 paulatimque
809 1223 947 1300 pudorem
961 1223 1146 1302 profanant,
1168 1223 1202 1284 ad

183 1317 320 1380 ultimum
344 1318 477 1397 ⁴²(houos
500 1320 619 1382 auribus
640 1318 759 1378 babitus
781 1319 832 1395 sit)
856 1317 915 1376 ima
945 1337 1104 1394 eorporum
1128 1320 1203 1380 velu-

183 1422 282 1476 menta
294 1416 470 1494 projiciunt:
491 1435 544 1474 neo
556 1414 741 1475 meretricum
760 1413 815 1472 hoo
829 1413 953 1472 dedeous
964 1420 1010 1472 est
1022 1413 1078 1472 sed
1092 1422 1202 1474 matre

182 1529 285 1572 narum
299 1513 501 1590 virginumque
522 1511 600 1588 apud
623 1529 696 1590 quas
716 1508 837 1568 comitas
856 1507 977 1569 habetur
997 1507 1118 1586 vulgati
1142 1530 1200 1570 eor·

182 1605 263 1680 poris
276 1605 384 1664 vilitas.

242 1700 270 1756 6.
292 1697 376 1756 Inter
403 1699 465 1757 hmo
491 1697 603 1774 flagitia
629 1697 777 1756 exereitus
803 1696 853 1756 ille
880 1697 1006 1756 domitor
1033 1697 1123 1757 Asiae
1150 1720 1199 1776 per

183 1809 276 1849 κων
303 1790 365 1848 dies
392 1791 550 1869 saginatus,
579 1791 616 1850 ad
643 1811 767 1870 eaquae
794 1792 989 1870 sequebantur
1017 1791 1196 1870 disorimina

183 1885 263 1944 haud
278 1885 365 1944 dubio
380 1885 502 1946 debilior
516 1886 632 1944 futurus
645 1885 665 1914 ⁴⁸
676 1886 743 1960 fuit,
758 1886 784 1944 si
804 1887 916 1946 hostem
930 1886 1090 1946 habuisset.
1138 1888 1197 1950 Gae»

183 1983 285 2054 terim,
300 1981 468 2060 quominus
491 1980 628 2040 damnum
650 1981 780 2054 sentiret,
802 1981 962 2040 identidem
983 1980 1196 2044 “incremento

182 2076 350 2136 novabatur.
402 2077 536 2155 Namque
559 2075 734 2154 ⁴'Amyntas
759 2076 952 2134 Andromenis
973 2074 1009 2135 ab
1032 2077 1195 2155 Antipatro

182 2171 376 2232 Macedonum
399 2173 530 2251 peditum
553 2191 606 2232 sex
629 2172 722 2232 millia
745 2171 888 2230 adduxit:
919 2171 1095 2250 quingentos
1123 2194 1193 2250 prm

182 2267 264 2328 terei
278 2268 407 2346 ejusdem
420 2267 535 2346 generis
549 2267 669 2346 equites
723 2263 795 2326 Gom
810 2265 856 2324 his
870 2285 907 2322 ne
924 2264 1061 2339 Thracas,
1077 2267 1193 2344 adjunc-

182 2363 222 2421 tis
245 2363 394 2439 peditibus
418 2383 479 2422 sure
498 2363 594 2440 gentis
616 2361 712 2420 tribus
725 2359 854 2418 millibus
876 2367 906 2417 et
924 2359 1102 2438 quingentis
1146 2364 1192 2422 Er

182 2456 382 2532 Peloponneso
397 2457 590 2514 meroenarius
610 2455 694 2514 miles
715 2454 754 2512 nd
775 2462 900 2533 quatuor
914 2454 1007 2512 millia
1027 2455 1191 2534 advenerat,

181 2567 246 2606 eum
261 2565 398 2605 cecum
412 2547 565 2625 equitibus.
619 2548 703 2606 Idem
717 2548 863 2625 Amyntas
877 2547 1040 2608 adduxerat
1054 2552 1190 2632 quinqua·

180 2641 262 2721 ginta
275 2640 437 2719 principum
452 2641 632 2702 Mooedoniae
645 2641 752 2702 liberos
767 2642 882 2702 adultos
898 2643 935 2702 ad
956 2644 1118 2704 eustodiam
1131 2666 1190 2706 eor·

180 2736 269 2815 poris.
312 2734 428 2816 Quippe
442 2736 519 2798 inter
541 2736 641 2814 epulas
662 2737 694 2796 hi
716 2745 786 2796 sunt
799 2738 892 2816 Regis
905 2739 1041 2798 ministri.
1083 2739 1189 2802 Iidem·

180 2853 237 2912 que
251 2853 340 2912 equos
364 2833 478 2894 ineunti
491 2833 624 2912 praelium
637 2833 800 2906 admovent,
821 2841 1031 2912 venantemque
1052 2836 1189 2896 eomitan-
1249 2841 1250 2854 ³

180 2935 238 3001 tur,
253 2935 284 2986 et
297 2927 317 2956 ⁴⁸
329 2929 495 3007 vigiliarum
509 2929 586 2990 viees
608 2936 675 2988 ante
690 2927 815 2990 eubieuli
828 2927 905 2986 fores
919 2935 1055 2988 servant:
1076 2950 1189 3010 magno-
1249 2927 1250 2942 ¹

180 3039 301 3099 rumque
323 3021 533 3084 Praefeotorum
557 3031 587 3082 et
609 3023 725 3082 Ducum
748 3023 810 3082 haee
829 3021 849 3050 ⁴⁷
859 3023 1037 3082 inerementa
1062 3034 1141 3098 sunt,
1161 3035 1190 3086 et

180 3115 353 3176 rudimenta
396 3116 503 3196 Igitur,
519 3119 586 3178 Rex
601 3118 661 3178 oroi
676 3117 849 3195 Babyloniae
862 3117 1018 3196 Agathone
1032 3121 1189 3197 praesidere

187 3212 279 3288 jusso,
301 3229 367 3269 oum
389 3213 579 3290 septingentis
607 3213 809 3287 Maoedonum,
837 3213 1031 3292 trecentisque
1057 3217 1189 3276 mercede

180 3304 340 3379 eondnetis,
355 3305 511 3383 Praetores,
524 3308 576 3386 qui
594 3308 705 3386 regioni
719 3307 901 3385 Babyloniae,
916 3314 947 3368 et
958 3307 1074 3368 eivitati
1087 3329 1189 3386 praees·

180 3408 254 3475 sent,
270 3399 417 3460 Menetem
431 3407 460 3460 et
474 3401 686 3478 Apollodorum
706 3401 835 3482 reliquit
878 3401 937 3461 His
958 3401 1014 3464 duo
1036 3403 1130 3464 millia
1141 3423 1187 3482 pe·

180 3497 277 3556 ditum
298 3515 364 3555 oum
385 3495 465 3554 mille
488 3495 607 3558 talentis
629 3497 705 3556 data.
748 3497 874 3576 Utrique
895 3505 1085 3576 praeceptum,
1104 3507 1139 3558 nt
1158 3499 1188 3558 in

182 3589 414 3668 supplementum
428 3589 536 3650 milites
556 3590 693 3667 legerent.
738 3591 880 3652 Muranum
900 3591 1081 3668 transfugam
1095 3591 1187 3652 Satra-

181 3685 230 3761 piu
245 3686 415 3764 Babyloniae
429 3684 525 3746 donat.
567 3683 780 3762 Bagophausm,
795 3686 845 3762 qui
859 3705 953 3744 aroem
974 3685 1144 3762 tradiderat,
1157 3706 1187 3746 se

182 3779 264 3857 sequi
275 3783 371 3856 jussit.
413 3781 555 3841 Armenia
570 3779 711 3840 Mithreni
734 3781 869 3840 Sardium
890 3780 1034 3858 proditori
1054 3780 1123 3840 data
1135 3789 1185 3842 est
