<?xml version="1.0" encoding="UTF-8"?>
<!DOCTYPE html PUBLIC "-//W3C//DTD XHTML 1.0 Transitional//EN"
    "http://www.w3.org/TR/xhtml1/DTD/xhtml1-transitional.dtd">
<html xmlns="http://www.w3.org/1999/xhtml" xml:lang="en" lang="en">
 <head>
  <title>
</title>
<meta http-equiv="Content-Type" content="text/html;charset=utf-8" />
  <meta name='ocr-system' content='tesseract 3.04.00' />
  <meta name='ocr-capabilities' content='ocr_page ocr_carea ocr_par ocr_line ocrx_word'/>
</head>
<body>
  <div class='ocr_page' id='page_1' title='image "./quintuscurtiusr00cellgoog_0076.png"; bbox 0 0 2600 4394; ppageno 0'>
   <div class='ocr_carea' id='block_1_1' title="bbox 389 367 1078 426">
    <p class='ocr_par' dir='ltr' id='par_1_1' title="bbox 389 367 1078 426">
     <span class='ocr_line' id='line_1_1' title="bbox 389 367 1078 426; baseline 0.006 -6"><span class='ocrx_word' id='word_1_1' title='bbox 389 379 511 421; x_wconf 77' lang='lat' dir='ltr'>ursus</span> <span class='ocrx_word' id='word_1_2' title='bbox 540 381 593 420; x_wconf 80' lang='lat' dir='ltr'>nv.</span> <span class='ocrx_word' id='word_1_3' title='bbox 626 381 711 421; x_wconf 77' lang='lat' dir='ltr'>can.</span> <span class='ocrx_word' id='word_1_4' title='bbox 741 383 773 422; x_wconf 87' lang='lat' dir='ltr'>x.</span> <span class='ocrx_word' id='word_1_5' title='bbox 1044 367 1078 426; x_wconf 80' lang='lat' dir='ltr'>ot</span> 
     </span>
    </p>
   </div>
   <div class='ocr_carea' id='block_1_2' title="bbox 58 515 1083 3624">
    <p class='ocr_par' dir='ltr' id='par_1_2' title="bbox 88 515 1083 690">
     <span class='ocr_line' id='line_1_2' title="bbox 88 515 1083 595; baseline 0.007 -21"><span class='ocrx_word' id='word_1_6' title='bbox 88 515 315 595; x_wconf 76' lang='lat' dir='ltr'>pulolrritudinsm</span> <span class='ocrx_word' id='word_1_7' title='bbox 326 516 428 578; x_wconf 80' lang='lat' dir='ltr'>iormoe</span> <span class='ocrx_word' id='word_1_8' title='bbox 449 519 523 595; x_wconf 82' lang='lat' dir='ltr'>ejus,</span> <span class='ocrx_word' id='word_1_9' title='bbox 536 535 596 576; x_wconf 92' lang='lat' dir='ltr'>non</span> <span class='ocrx_word' id='word_1_10' title='bbox 614 515 745 579; x_wconf 68' lang='lat' dir='ltr'>libidinis</span> <span class='ocrx_word' id='word_1_11' title='bbox 764 519 905 580; x_wconf 76' lang='lat' dir='ltr'>hebuerat</span> <span class='ocrx_word' id='word_1_12' title='bbox 916 519 1083 581; x_wconf 81' lang='lat' dir='ltr'>inuitamen-</span> 
     </span>
     <span class='ocr_line' id='line_1_3' title="bbox 88 611 477 690; baseline 0.013 -22"><span class='ocrx_word' id='word_1_13' title='bbox 88 617 151 685; x_wconf 82' lang='lat' dir='ltr'>tum,</span> <span class='ocrx_word' id='word_1_14' title='bbox 164 612 210 670; x_wconf 88' lang='lat' dir='ltr'>sed</span> <span class='ocrx_word' id='word_1_15' title='bbox 223 611 328 690; x_wconf 80' lang='lat' dir='ltr'>gloriae.</span> <span class='ocrx_word' id='word_1_16' title='bbox 474 619 477 628; x_wconf 91' lang='lat'>&#39;</span> 
     </span>
    </p>

    <p class='ocr_par' dir='ltr' id='par_1_3' title="bbox 65 705 1082 2106">
     <span class='ocr_line' id='line_1_4' title="bbox 141 705 1082 786; baseline 0.006 -23"><span class='ocrx_word' id='word_1_17' title='bbox 141 709 182 764; x_wconf 80' lang='lat'>42.</span> <span class='ocrx_word' id='word_1_18' title='bbox 203 705 229 764; x_wconf 79' lang='grc' dir='ltr'><strong>Ε</strong></span> <span class='ocrx_word' id='word_1_19' title='bbox 244 705 429 784; x_wconf 71' lang='lat' dir='ltr'><strong>spadonibus,</strong></span> <span class='ocrx_word' id='word_1_20' title='bbox 438 706 489 784; x_wconf 83' lang='lat' dir='ltr'>qui</span> <span class='ocrx_word' id='word_1_21' title='bbox 505 706 581 766; x_wconf 86' lang='lat' dir='ltr'>eirea</span> <span class='ocrx_word' id='word_1_22' title='bbox 595 706 740 786; x_wconf 78' lang='lat' dir='ltr'>Reginam</span> <span class='ocrx_word' id='word_1_23' title='bbox 754 716 845 782; x_wconf 90' lang='lat' dir='ltr'>erant,</span> <span class='ocrx_word' id='word_1_24' title='bbox 858 709 993 786; x_wconf 72' lang='lat' dir='ltr'>Tyriotes</span> <span class='ocrx_word' id='word_1_25' title='bbox 1004 709 1082 770; x_wconf 88' lang='lat' dir='ltr'>inter</span> 
     </span>
     <span class='ocr_line' id='line_1_5' title="bbox 87 799 1082 884; baseline 0.008 -28"><span class='ocrx_word' id='word_1_26' title='bbox 87 799 293 876; x_wconf 66' lang='lat' dir='ltr'><strong>trepidationem</strong></span> <span class='ocrx_word' id='word_1_27' title='bbox 313 801 477 877; x_wconf 85' lang='lat' dir='ltr'>lugentium</span> <span class='ocrx_word' id='word_1_28' title='bbox 498 801 623 878; x_wconf 86' lang='lat' dir='ltr'>elapsus,</span> <span class='ocrx_word' id='word_1_29' title='bbox 637 821 690 879; x_wconf 90' lang='lat' dir='ltr'>per</span> <span class='ocrx_word' id='word_1_30' title='bbox 710 823 772 860; x_wconf 86' lang='lat' dir='ltr'>eam</span> <span class='ocrx_word' id='word_1_31' title='bbox 792 811 912 880; x_wconf 87' lang='lat' dir='ltr'>portam,</span> <span class='ocrx_word' id='word_1_32' title='bbox 926 823 1000 884; x_wconf 75' lang='lat' dir='ltr'>quse,</span> <span class='ocrx_word' id='word_1_33' title='bbox 1013 805 1082 883; x_wconf 86' lang='lat' dir='ltr'>qnia</span> 
     </span>
     <span class='ocr_line' id='line_1_6' title="bbox 86 891 1082 971; baseline 0.005 -19"><span class='ocrx_word' id='word_1_34' title='bbox 86 894 119 953; x_wconf 87' lang='lat' dir='ltr'>ab</span> <span class='ocrx_word' id='word_1_35' title='bbox 136 891 212 953; x_wconf 91' lang='lat' dir='ltr'>hoste&#39;</span> <span class='ocrx_word' id='word_1_36' title='bbox 234 913 337 953; x_wconf 83' lang='lat' dir='ltr'>aversa</span> <span class='ocrx_word' id='word_1_37' title='bbox 361 895 551 968; x_wconf 73' lang='lat' dir='ltr'>erat,levi1is</span> <span class='ocrx_word' id='word_1_38' title='bbox 574 895 801 971; x_wconf 59' lang='lat' dir='ltr'>oumodiebstum</span> <span class='ocrx_word' id='word_1_39' title='bbox 817 897 855 955; x_wconf 79' lang='lat' dir='ltr'>ed</span> <span class='ocrx_word' id='word_1_40' title='bbox 879 897 963 956; x_wconf 84' lang='lat' dir='ltr'>Darii</span> <span class='ocrx_word' id='word_1_41' title='bbox 986 907 1082 958; x_wconf 77' lang='lat' dir='ltr'>eastra</span> 
     </span>
     <span class='ocr_line' id='line_1_7' title="bbox 83 991 1080 1070; baseline 0.005 -23"><span class='ocrx_word' id='word_1_42' title='bbox 83 991 215 1066; x_wconf 83' lang='lat' dir='ltr'>pervenit:</span> <span class='ocrx_word' id='word_1_43' title='bbox 237 997 432 1068; x_wconf 72' lang='lat' dir='ltr'>exceptusque</span> <span class='ocrx_word' id='word_1_44' title='bbox 446 991 622 1069; x_wconf 68' lang='lat' dir='ltr'>uigilibus,</span> <span class='ocrx_word' id='word_1_45' title='bbox 633 991 664 1048; x_wconf 89' lang='lat' dir='ltr'>iu</span> <span class='ocrx_word' id='word_1_46' title='bbox 678 991 897 1051; x_wconf 85' lang='lat' dir='ltr'>tabernaealum</span> <span class='ocrx_word' id='word_1_47' title='bbox 911 992 1004 1070; x_wconf 74' lang='lat' dir='ltr'>Regis</span> <span class='ocrx_word' id='word_1_48' title='bbox 1017 1013 1080 1070; x_wconf 89' lang='lat' dir='ltr'>per·</span> 
     </span>
     <span class='ocr_line' id='line_1_8' title="bbox 83 1077 1080 1164; baseline 0.004 -22"><span class='ocrx_word' id='word_1_49' title='bbox 83 1085 188 1143; x_wconf 88' lang='lat' dir='ltr'>duoitur</span> <span class='ocrx_word' id='word_1_50' title='bbox 197 1103 314 1162; x_wconf 83' lang='lat' dir='ltr'>gemens</span> <span class='ocrx_word' id='word_1_51' title='bbox 328 1092 359 1144; x_wconf 88' lang='lat' dir='ltr'>et</span> <span class='ocrx_word' id='word_1_52' title='bbox 367 1091 450 1144; x_wconf 80' lang='lat' dir='ltr'>veste</span> <span class='ocrx_word' id='word_1_53' title='bbox 463 1085 600 1144; x_wconf 63' lang='lat' dir='ltr'>laoorate.</span> <span class='ocrx_word' id='word_1_54' title='bbox 644 1085 737 1156; x_wconf 81' lang='lat' dir='ltr'>Quem</span> <span class='ocrx_word' id='word_1_55' title='bbox 750 1094 786 1144; x_wconf 88' lang='lat' dir='ltr'>ut</span> <span class='ocrx_word' id='word_1_56' title='bbox 798 1077 948 1164; x_wconf 69' lang='lat' dir='ltr'>oonspexit</span> <span class='ocrx_word' id='word_1_57' title='bbox 962 1087 1080 1161; x_wconf 76' lang='lat' dir='ltr'>Darius,</span> 
     </span>
     <span class='ocr_line' id='line_1_9' title="bbox 80 1179 1080 1259; baseline 0.006 -24"><span class='ocrx_word' id='word_1_58' title='bbox 80 1179 224 1256; x_wconf 86' lang='lat' dir='ltr'>multiplioi</span> <span class='ocrx_word' id='word_1_59' title='bbox 236 1180 346 1239; x_wconf 86' lang='lat' dir='ltr'>doloris</span> <span class='ocrx_word' id='word_1_60' title='bbox 359 1180 574 1256; x_wconf 67' lang='lat' dir='ltr'>exspectatione</span> <span class='ocrx_word' id='word_1_61' title='bbox 584 1188 753 1254; x_wconf 79' lang='lat' dir='ltr'>commotus,</span> <span class='ocrx_word' id='word_1_62' title='bbox 763 1187 802 1255; x_wconf 82' lang='lat' dir='ltr'>et,</span> <span class='ocrx_word' id='word_1_63' title='bbox 813 1182 884 1259; x_wconf 84' lang='lat' dir='ltr'>quid</span> <span class='ocrx_word' id='word_1_64' title='bbox 893 1182 1080 1259; x_wconf 77' lang='lat' dir='ltr'>potissimum</span> 
     </span>
     <span class='ocr_line' id='line_1_10' title="bbox 79 1273 1080 1354; baseline 0.006 -24"><span class='ocrx_word' id='word_1_65' title='bbox 79 1273 196 1347; x_wconf 86' lang='lat' dir='ltr'>timeret,</span> <span class='ocrx_word' id='word_1_66' title='bbox 210 1274 357 1332; x_wconf 83' lang='lat' dir='ltr'>iuoertus:</span> <span class='ocrx_word' id='word_1_67' title='bbox 379 1273 518 1332; x_wconf 83' lang='lat' dir='ltr'>“Vultus</span> <span class='ocrx_word' id='word_1_68' title='bbox 541 1275 639 1346; x_wconf 86' lang='lat' dir='ltr'>tuus,&#39;&#39;</span> <span class='ocrx_word' id='word_1_69' title='bbox 654 1274 758 1352; x_wconf 84' lang='lat' dir='ltr'>inquit,</span> <span class='ocrx_word' id='word_1_70' title='bbox 773 1277 789 1308; x_wconf 70' lang='lat'>‘⁴</span> <span class='ocrx_word' id='word_1_71' title='bbox 799 1275 819 1306; x_wconf 85' lang='lat'>¹⁸</span> <span class='ocrx_word' id='word_1_72' title='bbox 826 1277 923 1334; x_wconf 69' lang='lat' dir='ltr'>nomio</span> <span class='ocrx_word' id='word_1_73' title='bbox 944 1277 1025 1354; x_wconf 83' lang='lat' dir='ltr'>quod</span> <span class='ocrx_word' id='word_1_74' title='bbox 1038 1277 1080 1336; x_wconf 88' lang='lat' dir='ltr'>in·</span> 
     </span>
     <span class='ocr_line' id='line_1_11' title="bbox 78 1368 1079 1447; baseline 0.005 -23"><span class='ocrx_word' id='word_1_75' title='bbox 78 1387 145 1444; x_wconf 80' lang='lat' dir='ltr'>gene</span> <span class='ocrx_word' id='word_1_76' title='bbox 155 1369 260 1426; x_wconf 87' lang='lat' dir='ltr'>malum</span> <span class='ocrx_word' id='word_1_77' title='bbox 270 1368 407 1444; x_wconf 71' lang='lat' dir='ltr'>praefert:</span> <span class='ocrx_word' id='word_1_78' title='bbox 422 1368 474 1426; x_wconf 80' lang='lat' dir='ltr'>sed</span> <span class='ocrx_word' id='word_1_79' title='bbox 485 1369 505 1398; x_wconf 74' lang='lat'>³¹</span> <span class='ocrx_word' id='word_1_80' title='bbox 514 1385 584 1426; x_wconf 75' lang='lat' dir='ltr'>eave</span> <span class='ocrx_word' id='word_1_81' title='bbox 593 1368 693 1426; x_wconf 85' lang='lat' dir='ltr'>miseri</span> <span class='ocrx_word' id='word_1_82' title='bbox 702 1369 827 1427; x_wconf 85' lang='lat' dir='ltr'>hominis</span> <span class='ocrx_word' id='word_1_83' title='bbox 837 1371 955 1428; x_wconf 85' lang='lat' dir='ltr'>auribus</span> <span class='ocrx_word' id='word_1_84' title='bbox 964 1389 1079 1447; x_wconf 78' lang='lat' dir='ltr'>pereas3</span> 
     </span>
     <span class='ocr_line' id='line_1_12' title="bbox 77 1461 1081 1538; baseline 0.007 -20"><span class='ocrx_word' id='word_1_85' title='bbox 77 1461 164 1519; x_wconf 89' lang='lat' dir='ltr'>didiei</span> <span class='ocrx_word' id='word_1_86' title='bbox 177 1461 253 1520; x_wconf 86' lang='lat' dir='ltr'>enim</span> <span class='ocrx_word' id='word_1_87' title='bbox 267 1479 332 1520; x_wconf 84' lang='lat' dir='ltr'>esse</span> <span class='ocrx_word' id='word_1_88' title='bbox 342 1461 461 1536; x_wconf 76' lang='lat' dir='ltr'>infeli13</span> <span class='ocrx_word' id='word_1_89' title='bbox 477 1469 507 1519; x_wconf 86' lang='lat' dir='ltr'>et</span> <span class='ocrx_word' id='word_1_90' title='bbox 518 1463 596 1538; x_wconf 74' lang='lat' dir='ltr'>saept</span> <span class='ocrx_word' id='word_1_91' title='bbox 605 1461 779 1520; x_wconf 81' lang='lat' dir='ltr'>salamitatis</span> <span class='ocrx_word' id='word_1_92' title='bbox 793 1461 927 1521; x_wconf 87' lang='lat' dir='ltr'>solatium</span> <span class='ocrx_word' id='word_1_93' title='bbox 942 1471 988 1522; x_wconf 89' lang='lat' dir='ltr'>est</span> <span class='ocrx_word' id='word_1_94' title='bbox 997 1468 1081 1526; x_wconf 72' lang='lat' dir='ltr'>nesse</span> 
     </span>
     <span class='ocr_line' id='line_1_13' title="bbox 77 1555 1079 1636; baseline 0.006 -24"><span class='ocrx_word' id='word_1_95' title='bbox 77 1563 181 1612; x_wconf 79' lang='lat' dir='ltr'>sortem</span> <span class='ocrx_word' id='word_1_96' title='bbox 203 1571 292 1614; x_wconf 86' lang='lat' dir='ltr'>suam.</span> <span class='ocrx_word' id='word_1_97' title='bbox 335 1555 423 1629; x_wconf 86' lang='lat' dir='ltr'>Num,</span> <span class='ocrx_word' id='word_1_98' title='bbox 438 1556 515 1634; x_wconf 85' lang='lat' dir='ltr'>quod</span> <span class='ocrx_word' id='word_1_99' title='bbox 537 1556 662 1614; x_wconf 73' lang='lat' dir='ltr'>maxims</span> <span class='ocrx_word' id='word_1_100' title='bbox 684 1557 823 1634; x_wconf 86' lang='lat' dir='ltr'>suspioor,</span> <span class='ocrx_word' id='word_1_101' title='bbox 838 1557 960 1636; x_wconf 85' lang='lat' dir='ltr'>etloqui</span> <span class='ocrx_word' id='word_1_102' title='bbox 982 1559 1079 1634; x_wconf 62' lang='lat' dir='ltr'>umen,</span> 
     </span>
     <span class='ocr_line' id='line_1_14' title="bbox 75 1649 1081 1731; baseline 0.006 -23"><span class='ocrx_word' id='word_1_103' title='bbox 75 1649 230 1710; x_wconf 80' lang='lat' dir='ltr'>¹&#39;ludibria</span> <span class='ocrx_word' id='word_1_104' title='bbox 252 1667 383 1708; x_wconf 86' lang='lat' dir='ltr'>meorum</span> <span class='ocrx_word' id='word_1_105' title='bbox 407 1651 596 1710; x_wconf 74' lang='lat' dir='ltr'>nunciaturus</span> <span class='ocrx_word' id='word_1_106' title='bbox 618 1670 651 1710; x_wconf 91' lang='lat' dir='ltr'>es</span> <span class='ocrx_word' id='word_1_107' title='bbox 674 1651 756 1726; x_wconf 86' lang='lat' dir='ltr'>mihi,</span> <span class='ocrx_word' id='word_1_108' title='bbox 770 1659 801 1711; x_wconf 90' lang='lat' dir='ltr'>et</span> <span class='ocrx_word' id='word_1_109' title='bbox 821 1653 868 1728; x_wconf 79' lang='lat' dir='ltr'>(ut</span> <span class='ocrx_word' id='word_1_110' title='bbox 890 1653 988 1731; x_wconf 84' lang='lat' dir='ltr'>oredo)</span> <span class='ocrx_word' id='word_1_111' title='bbox 1008 1653 1081 1731; x_wconf 87' lang='lat' dir='ltr'>ipsis</span> 
     </span>
     <span class='ocr_line' id='line_1_15' title="bbox 70 1745 1079 1824; baseline 0.006 -22"><span class='ocrx_word' id='word_1_112' title='bbox 70 1763 184 1823; x_wconf 88' lang='lat' dir='ltr'>quoque</span> <span class='ocrx_word' id='word_1_113' title='bbox 196 1745 274 1804; x_wconf 88' lang='lat' dir='ltr'>omni</span> <span class='ocrx_word' id='word_1_114' title='bbox 287 1745 422 1823; x_wconf 82' lang='lat' dir='ltr'>graviora</span> <span class='ocrx_word' id='word_1_115' title='bbox 431 1745 573 1823; x_wconf 90' lang='lat' dir='ltr'>supplioio</span> <span class='ocrx_word' id='word_1_116' title='bbox 583 1746 623 1803; x_wconf 85' lang='lat'>?”</span> <span class='ocrx_word' id='word_1_117' title='bbox 663 1746 714 1804; x_wconf 85' lang='lat' dir='ltr'>Ad</span> <span class='ocrx_word' id='word_1_118' title='bbox 724 1747 786 1806; x_wconf 79' lang='lat' dir='ltr'>hoeo</span> <span class='ocrx_word' id='word_1_119' title='bbox 797 1747 949 1824; x_wconf 71' lang='lat' dir='ltr'>Tyriotes:</span> <span class='ocrx_word' id='word_1_120' title='bbox 965 1747 1079 1808; x_wconf 82' lang='lat' dir='ltr'>“Istud</span> 
     </span>
     <span class='ocr_line' id='line_1_16' title="bbox 68 1839 1079 1922; baseline 0.006 -26"><span class='ocrx_word' id='word_1_121' title='bbox 68 1839 186 1918; x_wconf 88' lang='lat' dir='ltr'>quidem</span> <span class='ocrx_word' id='word_1_122' title='bbox 205 1841 308 1916; x_wconf 85' lang='lat' dir='ltr'>prooul</span> <span class='ocrx_word' id='word_1_123' title='bbox 328 1841 438 1913; x_wconf 80' lang='lat' dir='ltr'>ebest,’&#39;</span> <span class='ocrx_word' id='word_1_124' title='bbox 452 1841 556 1918; x_wconf 81' lang='lat' dir='ltr'>inquit.</span> <span class='ocrx_word' id='word_1_125' title='bbox 597 1842 614 1874; x_wconf 81' lang='lat'>‘⁴</span> <span class='ocrx_word' id='word_1_126' title='bbox 626 1840 912 1922; x_wconf 74' lang='lat' dir='ltr'>”Quantascunque</span> <span class='ocrx_word' id='word_1_127' title='bbox 931 1843 1008 1902; x_wconf 86' lang='lat' dir='ltr'>euim</span> <span class='ocrx_word' id='word_1_128' title='bbox 1022 1843 1079 1902; x_wconf 84' lang='lat' dir='ltr'>Be·</span> 
     </span>
     <span class='ocr_line' id='line_1_17' title="bbox 70 1934 1079 2014; baseline 0.006 -24"><span class='ocrx_word' id='word_1_129' title='bbox 70 1934 150 2011; x_wconf 86' lang='lat' dir='ltr'>ginis</span> <span class='ocrx_word' id='word_1_130' title='bbox 171 1934 262 1992; x_wconf 77' lang='lat' dir='ltr'>honor</span> <span class='ocrx_word' id='word_1_131' title='bbox 284 1935 321 1994; x_wconf 91' lang='lat' dir='ltr'>ab</span> <span class='ocrx_word' id='word_1_132' title='bbox 341 1935 387 2011; x_wconf 86' lang='lat' dir='ltr'>iis,</span> <span class='ocrx_word' id='word_1_133' title='bbox 400 1935 451 2014; x_wconf 89' lang='lat' dir='ltr'>qui</span> <span class='ocrx_word' id='word_1_134' title='bbox 473 1942 585 2012; x_wconf 86' lang='lat' dir='ltr'>parent,</span> <span class='ocrx_word' id='word_1_135' title='bbox 605 1935 706 1995; x_wconf 82' lang='lat' dir='ltr'>haberi</span> <span class='ocrx_word' id='word_1_136' title='bbox 729 1943 835 2014; x_wconf 82' lang='lat' dir='ltr'>potest,</span> <span class='ocrx_word' id='word_1_137' title='bbox 850 1937 911 1996; x_wconf 90' lang='lat' dir='ltr'>tuis</span> <span class='ocrx_word' id='word_1_138' title='bbox 931 1958 949 1996; x_wconf 88' lang='lat' dir='ltr'>a</span> <span class='ocrx_word' id='word_1_139' title='bbox 967 1937 1079 1996; x_wconf 79' lang='lat' dir='ltr'>vietore</span> 
     </span>
     <span class='ocr_line' id='line_1_18' title="bbox 65 2029 1080 2106; baseline 0.006 -20"><span class='ocrx_word' id='word_1_140' title='bbox 65 2036 201 2087; x_wconf 82' lang='lat' dir='ltr'>servatus</span> <span class='ocrx_word' id='word_1_141' title='bbox 214 2042 277 2088; x_wconf 87' lang='lat' dir='ltr'>est:</span> <span class='ocrx_word' id='word_1_142' title='bbox 300 2029 351 2087; x_wconf 88' lang='lat' dir='ltr'>sed</span> <span class='ocrx_word' id='word_1_143' title='bbox 364 2049 439 2088; x_wconf 83' lang='lat' dir='ltr'>uxor</span> <span class='ocrx_word' id='word_1_144' title='bbox 451 2035 503 2088; x_wconf 88' lang='lat' dir='ltr'>tua</span> <span class='ocrx_word' id='word_1_145' title='bbox 515 2030 602 2106; x_wconf 78' lang='lat' dir='ltr'>paulo</span> <span class='ocrx_word' id='word_1_146' title='bbox 616 2031 684 2088; x_wconf 73' lang='lat' dir='ltr'>anto</span> <span class='ocrx_word' id='word_1_147' title='bbox 697 2032 825 2090; x_wconf 86' lang='lat' dir='ltr'>exoessit</span> <span class='ocrx_word' id='word_1_148' title='bbox 838 2051 854 2090; x_wconf 91' lang='lat' dir='ltr'>e</span> <span class='ocrx_word' id='word_1_149' title='bbox 867 2033 959 2091; x_wconf 67' lang='lat' dir='ltr'>ew</span> <span class='ocrx_word' id='word_1_150' title='bbox 1002 2032 1080 2092; x_wconf 61' lang='lat' dir='ltr'>Tum</span> 
     </span>
    </p>

    <p class='ocr_par' dir='ltr' id='par_1_4' title="bbox 58 2123 1081 3624">
     <span class='ocr_line' id='line_1_19' title="bbox 61 2123 1079 2200; baseline 0.002 -18"><span class='ocrx_word' id='word_1_151' title='bbox 61 2124 208 2182; x_wconf 79' lang='lat' dir='ltr'>veronen</span> <span class='ocrx_word' id='word_1_152' title='bbox 222 2123 348 2200; x_wconf 83' lang='lat' dir='ltr'>gemitus</span> <span class='ocrx_word' id='word_1_153' title='bbox 361 2123 455 2196; x_wconf 78' lang='lat' dir='ltr'>modo,</span> <span class='ocrx_word' id='word_1_154' title='bbox 470 2124 624 2182; x_wconf 81' lang='lat' dir='ltr'>sedetiam</span> <span class='ocrx_word' id='word_1_155' title='bbox 643 2124 771 2200; x_wconf 84' lang='lat' dir='ltr'>ejulatus</span> <span class='ocrx_word' id='word_1_156' title='bbox 784 2125 856 2183; x_wconf 84' lang='lat' dir='ltr'>totis</span> <span class='ocrx_word' id='word_1_157' title='bbox 876 2127 980 2184; x_wconf 87' lang='lat' dir='ltr'>eastris</span> <span class='ocrx_word' id='word_1_158' title='bbox 995 2145 1079 2184; x_wconf 78' lang='lat' dir='ltr'>exau·</span> 
     </span>
     <span class='ocr_line' id='line_1_20' title="bbox 62 2217 1081 2298; baseline 0.002 -22"><span class='ocrx_word' id='word_1_159' title='bbox 62 2217 233 2276; x_wconf 82' lang='lat' dir='ltr'>diebautur.</span> <span class='ocrx_word' id='word_1_160' title='bbox 277 2217 341 2275; x_wconf 85' lang='lat' dir='ltr'>Neo</span> <span class='ocrx_word' id='word_1_161' title='bbox 354 2217 501 2278; x_wconf 74' lang='lat' dir='ltr'>dubitavit</span> <span class='ocrx_word' id='word_1_162' title='bbox 522 2217 639 2290; x_wconf 84' lang='lat' dir='ltr'>Darius,</span> <span class='ocrx_word' id='word_1_163' title='bbox 654 2218 724 2295; x_wconf 86' lang='lat' dir='ltr'>quin</span> <span class='ocrx_word' id='word_1_164' title='bbox 744 2219 899 2276; x_wconf 82' lang='lat' dir='ltr'>interieots</span> <span class='ocrx_word' id='word_1_165' title='bbox 913 2227 997 2293; x_wconf 85' lang='lat' dir='ltr'>esset,</span> <span class='ocrx_word' id='word_1_166' title='bbox 1012 2220 1081 2298; x_wconf 90' lang='lat' dir='ltr'>quia</span> 
     </span>
     <span class='ocr_line' id='line_1_21' title="bbox 58 2311 1081 2390; baseline 0.001 -18"><span class='ocrx_word' id='word_1_167' title='bbox 58 2313 219 2390; x_wconf 83' lang='lat' dir='ltr'>nequisset</span> <span class='ocrx_word' id='word_1_168' title='bbox 227 2311 429 2369; x_wconf 83' lang='lat' dir='ltr'>oontumeiiam</span> <span class='ocrx_word' id='word_1_169' title='bbox 437 2311 515 2387; x_wconf 86' lang='lat' dir='ltr'>pati:</span> <span class='ocrx_word' id='word_1_170' title='bbox 531 2311 730 2388; x_wconf 82' lang='lat' dir='ltr'>exolamatque</span> <span class='ocrx_word' id='word_1_171' title='bbox 739 2331 836 2370; x_wconf 83' lang='lat' dir='ltr'>amens</span> <span class='ocrx_word' id='word_1_172' title='bbox 845 2311 961 2371; x_wconf 85' lang='lat' dir='ltr'>dolore:</span> <span class='ocrx_word' id='word_1_173' title='bbox 977 2312 1081 2384; x_wconf 76' lang='lat' dir='ltr'>“Quos</span> 
     </span>
     <span class='ocr_line' id='line_1_22' title="bbox 58 2405 1080 2486; baseline 0 -18"><span class='ocrx_word' id='word_1_174' title='bbox 58 2423 121 2486; x_wconf 90' lang='lat' dir='ltr'>ego</span> <span class='ocrx_word' id='word_1_175' title='bbox 136 2413 251 2464; x_wconf 88' lang='lat' dir='ltr'>tantum</span> <span class='ocrx_word' id='word_1_176' title='bbox 273 2406 354 2464; x_wconf 81' lang='lat' dir='ltr'>nesae</span> <span class='ocrx_word' id='word_1_177' title='bbox 368 2405 508 2478; x_wconf 87' lang='lat' dir='ltr'>oommisi,</span> <span class='ocrx_word' id='word_1_178' title='bbox 525 2405 719 2464; x_wconf 79' lang='lat' dir='ltr'>Alexander&#39;?</span> <span class='ocrx_word' id='word_1_179' title='bbox 759 2405 852 2476; x_wconf 82' lang='lat' dir='ltr'>Quem</span> <span class='ocrx_word' id='word_1_180' title='bbox 877 2415 995 2466; x_wconf 86' lang='lat' dir='ltr'>tuorum</span> <span class='ocrx_word' id='word_1_181' title='bbox 1017 2427 1080 2486; x_wconf 78' lang='lat' dir='ltr'>pro</span> 
     </span>
     <span class='ocr_line' id='line_1_23' title="bbox 58 2499 1080 2581; baseline 0.004 -22"><span class='ocrx_word' id='word_1_182' title='bbox 58 2505 242 2581; x_wconf 86' lang='lat' dir='ltr'>pinquorum</span> <span class='ocrx_word' id='word_1_183' title='bbox 267 2500 377 2573; x_wconf 82' lang='lat' dir='ltr'>neesvi,</span> <span class='ocrx_word' id='word_1_184' title='bbox 397 2501 464 2557; x_wconf 82' lang='lat' dir='ltr'>¹&#39;&#39;ut</span> <span class='ocrx_word' id='word_1_185' title='bbox 490 2499 563 2558; x_wconf 85' lang='lat' dir='ltr'>haue</span> <span class='ocrx_word' id='word_1_186' title='bbox 585 2500 676 2558; x_wconf 79' lang='lat' dir='ltr'>vioem</span> <span class='ocrx_word' id='word_1_187' title='bbox 703 2501 826 2560; x_wconf 68' lang='lat' dir='ltr'>mviiise</span> <span class='ocrx_word' id='word_1_188' title='bbox 852 2519 924 2562; x_wconf 81' lang='lat' dir='ltr'>meae</span> <span class='ocrx_word' id='word_1_189' title='bbox 950 2503 1080 2562; x_wconf 78' lang='lat' dir='ltr'>reddas?</span> 
     </span>
     <span class='ocr_line' id='line_1_24' title="bbox 58 2597 1079 2676; baseline -0.002 -14"><span class='ocrx_word' id='word_1_190' title='bbox 58 2600 169 2663; x_wconf 80' lang='lat' dir='ltr'>Odisti</span> <span class='ocrx_word' id='word_1_191' title='bbox 179 2614 299 2676; x_wconf 85' lang='lat' dir='ltr'>me,non</span> <span class='ocrx_word' id='word_1_192' title='bbox 309 2598 427 2676; x_wconf 79' lang='lat' dir='ltr'>quidem</span> <span class='ocrx_word' id='word_1_193' title='bbox 440 2604 621 2675; x_wconf 80' lang='lat' dir='ltr'>prosooatus.</span> <span class='ocrx_word' id='word_1_194' title='bbox 664 2597 724 2658; x_wconf 77' lang='lat' dir='ltr'>sed</span> <span class='ocrx_word' id='word_1_195' title='bbox 737 2599 812 2676; x_wconf 76' lang='lat' dir='ltr'>fingo</span> <span class='ocrx_word' id='word_1_196' title='bbox 823 2601 935 2676; x_wconf 86' lang='lat' dir='ltr'>justum</span> <span class='ocrx_word' id='word_1_197' title='bbox 945 2599 1079 2660; x_wconf 82' lang='lat' dir='ltr'>intulisse</span> 
     </span>
     <span class='ocr_line' id='line_1_25' title="bbox 58 2692 1079 2772; baseline -0.004 -16"><span class='ocrx_word' id='word_1_198' title='bbox 58 2719 85 2756; x_wconf 68' lang='lat' dir='ltr'>ae</span> <span class='ocrx_word' id='word_1_199' title='bbox 113 2695 244 2754; x_wconf 87' lang='lat' dir='ltr'>bellum:</span> <span class='ocrx_word' id='word_1_200' title='bbox 273 2697 337 2751; x_wconf 73' lang='lat' dir='ltr'>eim</span> <span class='ocrx_word' id='word_1_201' title='bbox 357 2693 484 2752; x_wconf 79' lang='lat' dir='ltr'>foeminis</span> <span class='ocrx_word' id='word_1_202' title='bbox 506 2694 574 2769; x_wconf 77' lang='lat' dir='ltr'>ergo</span> <span class='ocrx_word' id='word_1_203' title='bbox 596 2711 682 2772; x_wconf 83' lang='lat' dir='ltr'>agere</span> <span class='ocrx_word' id='word_1_204' title='bbox 708 2692 900 2752; x_wconf 83' lang='lat' dir='ltr'>debueras?”</span> <span class='ocrx_word' id='word_1_205' title='bbox 942 2693 1079 2771; x_wconf 70' lang='lat' dir='ltr'>Tyriotes</span> 
     </span>
     <span class='ocr_line' id='line_1_26' title="bbox 58 2787 1080 2866; baseline -0.003 -17"><span class='ocrx_word' id='word_1_206' title='bbox 58 2793 210 2850; x_wconf 74' lang='lat' dir='ltr'>offirmare</span> <span class='ocrx_word' id='word_1_207' title='bbox 230 2807 283 2865; x_wconf 91' lang='lat' dir='ltr'>per</span> <span class='ocrx_word' id='word_1_208' title='bbox 297 2787 376 2847; x_wconf 91' lang='lat' dir='ltr'>Deos</span> <span class='ocrx_word' id='word_1_209' title='bbox 389 2789 510 2865; x_wconf 72' lang='lat' dir='ltr'>petrios,</span> <span class='ocrx_word' id='word_1_210' title='bbox 523 2787 600 2845; x_wconf 89' lang='lat' dir='ltr'>nihil</span> <span class='ocrx_word' id='word_1_211' title='bbox 613 2788 644 2844; x_wconf 93' lang='lat' dir='ltr'>iu</span> <span class='ocrx_word' id='word_1_212' title='bbox 658 2807 721 2845; x_wconf 82' lang='lat' dir='ltr'>eam</span> <span class='ocrx_word' id='word_1_213' title='bbox 743 2789 861 2866; x_wconf 84' lang='lat' dir='ltr'>gravius</span> <span class='ocrx_word' id='word_1_214' title='bbox 882 2805 945 2845; x_wconf 86' lang='lat' dir='ltr'>esse</span> <span class='ocrx_word' id='word_1_215' title='bbox 968 2787 1080 2846; x_wconf 89' lang='lat' dir='ltr'>oonsul-</span> 
     </span>
     <span class='ocr_line' id='line_1_27' title="bbox 58 2882 1080 2961; baseline -0.001 -20"><span class='ocrx_word' id='word_1_216' title='bbox 58 2905 135 2943; x_wconf 67' lang='grc' dir='ltr'>ωτι.</span> <span class='ocrx_word' id='word_1_217' title='bbox 181 2883 364 2961; x_wconf 76' lang='lat' dir='ltr'>ingemuisse</span> <span class='ocrx_word' id='word_1_218' title='bbox 386 2884 475 2941; x_wconf 83' lang='lat' dir='ltr'>etium</span> <span class='ocrx_word' id='word_1_219' title='bbox 499 2883 703 2941; x_wconf 76' lang='lat' dir='ltr'>Alexandrum</span> <span class='ocrx_word' id='word_1_220' title='bbox 724 2882 1080 2960; x_wconf 81' lang='lat' dir='ltr'>morti,etnonparoi1is</span> 
     </span>
     <span class='ocr_line' id='line_1_28' title="bbox 58 2977 1079 3056; baseline 0.004 -22"><span class='ocrx_word' id='word_1_221' title='bbox 58 2979 187 3051; x_wconf 84' lang='lat' dir='ltr'>levisse,</span> <span class='ocrx_word' id='word_1_222' title='bbox 199 2979 288 3056; x_wconf 72' lang='lat' dir='ltr'>quam</span> <span class='ocrx_word' id='word_1_223' title='bbox 302 2978 364 3055; x_wconf 88' lang='lat' dir='ltr'>ipse</span> <span class='ocrx_word' id='word_1_224' title='bbox 378 2978 560 3055; x_wconf 76' lang='lat' dir='ltr'>laerymaret.</span> <span class='ocrx_word' id='word_1_225' title='bbox 605 2977 656 3037; x_wconf 89' lang='lat' dir='ltr'>Ob</span> <span class='ocrx_word' id='word_1_226' title='bbox 667 2977 732 3036; x_wconf 79' lang='lat' dir='ltr'>haeo</span> <span class='ocrx_word' id='word_1_227' title='bbox 745 2977 816 3054; x_wconf 85' lang='lat' dir='ltr'>ipsa,</span> <span class='ocrx_word' id='word_1_228' title='bbox 829 2978 952 3036; x_wconf 86' lang='lat' dir='ltr'>amantis</span> <span class='ocrx_word' id='word_1_229' title='bbox 966 2979 1079 3038; x_wconf 81' lang='lat' dir='ltr'>animus</span> 
     </span>
     <span class='ocr_line' id='line_1_29' title="bbox 58 3072 1078 3151; baseline -0.003 -16"><span class='ocrx_word' id='word_1_230' title='bbox 58 3099 78 3135; x_wconf 90' lang='lat' dir='ltr'>n</span> <span class='ocrx_word' id='word_1_231' title='bbox 99 3073 338 3134; x_wconf 74' lang='lat' dir='ltr'>sollicitudinem</span> <span class='ocrx_word' id='word_1_232' title='bbox 359 3073 607 3151; x_wconf 87' lang='lat' dir='ltr'>suspioionemque</span> <span class='ocrx_word' id='word_1_233' title='bbox 619 3072 772 3131; x_wconf 82' lang='lat' dir='ltr'>revolutus</span> <span class='ocrx_word' id='word_1_234' title='bbox 788 3079 850 3131; x_wconf 86' lang='lat' dir='ltr'>est:</span> <span class='ocrx_word' id='word_1_235' title='bbox 871 3072 1078 3134; x_wconf 80' lang='lat' dir='ltr'>&#39;&#39;desiderium</span> 
     </span>
     <span class='ocr_line' id='line_1_30' title="bbox 61 3164 1077 3247; baseline -0.002 -19"><span class='ocrx_word' id='word_1_236' title='bbox 61 3169 190 3247; x_wconf 82' lang='lat' dir='ltr'>aptivee</span> <span class='ocrx_word' id='word_1_237' title='bbox 203 3168 337 3246; x_wconf 74' lang='lat' dir='ltr'>proieeto</span> <span class='ocrx_word' id='word_1_238' title='bbox 350 3187 369 3225; x_wconf 89' lang='lat' dir='ltr'>a</span> <span class='ocrx_word' id='word_1_239' title='bbox 381 3164 589 3226; x_wconf 73' lang='lat' dir='ltr'>eonsuetudines</span> <span class='ocrx_word' id='word_1_240' title='bbox 603 3167 698 3244; x_wconf 82' lang='lat' dir='ltr'>stupri</span> <span class='ocrx_word' id='word_1_241' title='bbox 717 3175 814 3226; x_wconf 89' lang='lat' dir='ltr'>ortum</span> <span class='ocrx_word' id='word_1_242' title='bbox 827 3185 891 3227; x_wconf 89' lang='lat' dir='ltr'>esse</span> <span class='ocrx_word' id='word_1_243' title='bbox 904 3171 1077 3246; x_wconf 87' lang='lat' dir='ltr'>oonjeetans.</span> 
     </span>
     <span class='ocr_line' id='line_1_31' title="bbox 58 3261 1079 3340; baseline -0.005 -17"><span class='ocrx_word' id='word_1_244' title='bbox 58 3263 217 3323; x_wconf 77' lang='lat' dir='ltr'>iubmotis</span> <span class='ocrx_word' id='word_1_245' title='bbox 238 3262 332 3340; x_wconf 81' lang='lat' dir='ltr'>igitur</span> <span class='ocrx_word' id='word_1_246' title='bbox 349 3261 478 3336; x_wconf 87' lang='lat' dir='ltr'>arbitris,</span> <span class='ocrx_word' id='word_1_247' title='bbox 496 3279 555 3318; x_wconf 88' lang='lat' dir='ltr'>uno</span> <span class='ocrx_word' id='word_1_248' title='bbox 575 3261 721 3320; x_wconf 82' lang='lat' dir='ltr'>duntaxat</span> <span class='ocrx_word' id='word_1_249' title='bbox 743 3261 862 3339; x_wconf 80' lang='lat' dir='ltr'>Tyriote</span> <span class='ocrx_word' id='word_1_250' title='bbox 884 3269 1006 3334; x_wconf 82' lang='lat' dir='ltr'>retento,</span> <span class='ocrx_word' id='word_1_251' title='bbox 1018 3265 1079 3338; x_wconf 86' lang='lat' dir='ltr'>jam</span> 
     </span>
     <span class='ocr_line' id='line_1_32' title="bbox 58 3355 1079 3436; baseline -0.006 -19"><span class='ocrx_word' id='word_1_252' title='bbox 58 3379 112 3417; x_wconf 62' lang='lat' dir='ltr'>,on</span> <span class='ocrx_word' id='word_1_253' title='bbox 128 3358 217 3430; x_wconf 86' lang='lat' dir='ltr'>flens,</span> <span class='ocrx_word' id='word_1_254' title='bbox 232 3356 284 3415; x_wconf 86' lang='lat' dir='ltr'>sod</span> <span class='ocrx_word' id='word_1_255' title='bbox 297 3356 464 3434; x_wconf 77' lang='lat' dir='ltr'>suspirans:</span> <span class='ocrx_word' id='word_1_256' title='bbox 486 3358 504 3390; x_wconf 86' lang='lat'>“</span> <span class='ocrx_word' id='word_1_257' title='bbox 514 3355 672 3431; x_wconf 84' lang='lat' dir='ltr'>Videsne,”</span> <span class='ocrx_word' id='word_1_258' title='bbox 692 3355 797 3436; x_wconf 85' lang='lat' dir='ltr'>iuquit,</span> <span class='ocrx_word' id='word_1_259' title='bbox 812 3359 828 3392; x_wconf 87' lang='lat'><strong>“</strong></span> <span class='ocrx_word' id='word_1_260' title='bbox 839 3356 969 3435; x_wconf 74' lang='lat' dir='ltr'>Tyriote,</span> <span class='ocrx_word' id='word_1_261' title='bbox 983 3355 1079 3413; x_wconf 89' lang='lat' dir='ltr'>loonm</span> 
     </span>
     <span class='ocr_line' id='line_1_33' title="bbox 58 3449 1079 3527; baseline -0.008 -15"><span class='ocrx_word' id='word_1_262' title='bbox 58 3451 217 3512; x_wconf 77' lang='lat' dir='ltr'>nendaoio</span> <span class='ocrx_word' id='word_1_263' title='bbox 230 3469 288 3508; x_wconf 88' lang='lat' dir='ltr'>non</span> <span class='ocrx_word' id='word_1_264' title='bbox 302 3451 390 3509; x_wconf 78' lang='lat' dir='ltr'>esse?</span> <span class='ocrx_word' id='word_1_265' title='bbox 430 3449 589 3510; x_wconf 72' lang='lat' dir='ltr'>&#39;formenta</span> <span class='ocrx_word' id='word_1_266' title='bbox 606 3453 667 3527; x_wconf 83' lang='lat' dir='ltr'>jam</span> <span class='ocrx_word' id='word_1_267' title='bbox 680 3451 729 3510; x_wconf 79' lang='lat' dir='ltr'>hio</span> <span class='ocrx_word' id='word_1_268' title='bbox 743 3457 845 3510; x_wconf 70' lang='lat' dir='ltr'>munt:</span> <span class='ocrx_word' id='word_1_269' title='bbox 867 3449 918 3508; x_wconf 85' lang='lat' dir='ltr'>sed</span> <span class='ocrx_word' id='word_1_270' title='bbox 931 3467 967 3506; x_wconf 90' lang='lat' dir='ltr'>ne</span> <span class='ocrx_word' id='word_1_271' title='bbox 982 3465 1079 3522; x_wconf 86' lang='lat' dir='ltr'>expeu-</span> 
     </span>
     <span class='ocr_line' id='line_1_34' title="bbox 58 3541 1080 3624; baseline -0.008 -18"><span class='ocrx_word' id='word_1_272' title='bbox 58 3546 171 3606; x_wconf 73' lang='lat' dir='ltr'>sveris</span> <span class='ocrx_word' id='word_1_273' title='bbox 185 3545 270 3622; x_wconf 80' lang='lat' dir='ltr'>”per</span> <span class='ocrx_word' id='word_1_274' title='bbox 284 3544 370 3621; x_wconf 85' lang='lat' dir='ltr'>Deos,</span> <span class='ocrx_word' id='word_1_275' title='bbox 385 3544 494 3624; x_wconf 87' lang='lat' dir='ltr'>siquid</span> <span class='ocrx_word' id='word_1_276' title='bbox 508 3545 552 3603; x_wconf 86' lang='lat' dir='ltr'>tui</span> <span class='ocrx_word' id='word_1_277' title='bbox 565 3545 620 3604; x_wconf 84' lang='lat' dir='ltr'>tibi</span> <span class='ocrx_word' id='word_1_278' title='bbox 633 3545 726 3623; x_wconf 83' lang='lat' dir='ltr'>Regis</span> <span class='ocrx_word' id='word_1_279' title='bbox 740 3541 912 3605; x_wconf 82' lang='lat' dir='ltr'>reverentiae</span> <span class='ocrx_word' id='word_1_280' title='bbox 926 3547 986 3614; x_wconf 86' lang='lat' dir='ltr'>est;</span> <span class='ocrx_word' id='word_1_281' title='bbox 1001 3557 1080 3614; x_wconf 88' lang='lat' dir='ltr'>num,</span> 
     </span>
    </p>
   </div>
   <div class='ocr_carea' id='block_1_3' title="bbox 58 3633 1081 3901">
    <p class='ocr_par' dir='ltr' id='par_1_5' title="bbox 58 3633 1081 3901">
     <span class='ocr_line' id='line_1_35' title="bbox 58 3633 1080 3718; baseline -0.01 -16"><span class='ocrx_word' id='word_1_282' title='bbox 58 3641 135 3702; x_wconf 88' lang='lat' dir='ltr'>uod</span> <span class='ocrx_word' id='word_1_283' title='bbox 150 3647 185 3698; x_wconf 86' lang='lat' dir='ltr'>ot</span> <span class='ocrx_word' id='word_1_284' title='bbox 199 3640 276 3697; x_wconf 84' lang='lat' dir='ltr'>seire</span> <span class='ocrx_word' id='word_1_285' title='bbox 295 3647 409 3716; x_wconf 87' lang='lat' dir='ltr'>expeto,</span> <span class='ocrx_word' id='word_1_286' title='bbox 424 3646 455 3697; x_wconf 87' lang='lat' dir='ltr'>et</span> <span class='ocrx_word' id='word_1_287' title='bbox 468 3657 598 3718; x_wconf 73' lang='lat' dir='ltr'>quaerere</span> <span class='ocrx_word' id='word_1_288' title='bbox 617 3639 719 3716; x_wconf 84' lang='lat' dir='ltr'>pudet,</span> <span class='ocrx_word' id='word_1_289' title='bbox 733 3653 821 3696; x_wconf 85' lang='lat' dir='ltr'>ausas</span> <span class='ocrx_word' id='word_1_290' title='bbox 835 3641 880 3692; x_wconf 83' lang='lat' dir='ltr'>est</span> <span class='ocrx_word' id='word_1_291' title='bbox 894 3641 925 3691; x_wconf 88' lang='lat' dir='ltr'>et</span> <span class='ocrx_word' id='word_1_292' title='bbox 939 3633 1080 3692; x_wconf 84' lang='lat' dir='ltr'>Dominus</span> 
     </span>
     <span class='ocr_line' id='line_1_36' title="bbox 58 3726 1080 3813; baseline -0.009 -18"><span class='ocrx_word' id='word_1_293' title='bbox 58 3747 71 3795; x_wconf 87' lang='lat' dir='ltr'>t</span> <span class='ocrx_word' id='word_1_294' title='bbox 97 3733 282 3812; x_wconf 76' lang='lat' dir='ltr'>juvenis?’¹</span> <span class='ocrx_word' id='word_1_295' title='bbox 323 3733 381 3792; x_wconf 90' lang='lat' dir='ltr'>Ille</span> <span class='ocrx_word' id='word_1_296' title='bbox 394 3733 575 3813; x_wconf 73' lang='lat' dir='ltr'>”quaestioui</span> <span class='ocrx_word' id='word_1_297' title='bbox 589 3749 694 3811; x_wconf 85' lang='lat' dir='ltr'>eorpus</span> <span class='ocrx_word' id='word_1_298' title='bbox 715 3732 826 3800; x_wconf 81' lang='lat' dir='ltr'>offerre,</span> <span class='ocrx_word' id='word_1_299' title='bbox 842 3726 921 3786; x_wconf 85' lang='lat' dir='ltr'>Deos</span> <span class='ocrx_word' id='word_1_300' title='bbox 934 3734 1026 3788; x_wconf 83' lang='lat' dir='ltr'>testes</span> <span class='ocrx_word' id='word_1_301' title='bbox 1039 3729 1080 3786; x_wconf 90' lang='lat' dir='ltr'>in·</span> 
     </span>
     <span class='ocr_line' id='line_1_37' title="bbox 59 3822 1081 3901; baseline -0.011 -8"><span class='ocrx_word' id='word_1_302' title='bbox 59 3849 174 3901; x_wconf 78' lang='lat' dir='ltr'>ocare,</span> <span class='ocrx_word' id='word_1_303' title='bbox 188 3830 211 3858; x_wconf 84' lang='lat'>²⁴</span> <span class='ocrx_word' id='word_1_304' title='bbox 221 3833 302 3888; x_wconf 73' lang='lat' dir='ltr'>oaste</span> <span class='ocrx_word' id='word_1_305' title='bbox 314 3829 470 3900; x_wconf 75' lang='lat' dir='ltr'>sanoteque</span> <span class='ocrx_word' id='word_1_306' title='bbox 483 3829 612 3890; x_wconf 85' lang='lat' dir='ltr'>habitam</span> <span class='ocrx_word' id='word_1_307' title='bbox 623 3844 687 3886; x_wconf 90' lang='lat' dir='ltr'>esse</span> <span class='ocrx_word' id='word_1_308' title='bbox 701 3824 853 3900; x_wconf 72' lang='lat' dir='ltr'>Reginam.</span> <span class='ocrx_word' id='word_1_309' title='bbox 896 3822 1035 3893; x_wconf 68' lang='lat' dir='ltr'>Tandem,</span> <span class='ocrx_word' id='word_1_310' title='bbox 1046 3829 1081 3882; x_wconf 81' lang='lat' dir='ltr'>ut</span> 
     </span>
    </p>
   </div>
   <div class='ocr_carea' id='block_1_4' title="bbox 0 0 1304 4394">
    <p class='ocr_par' dir='ltr' id='par_1_6' title="bbox 0 0 1304 4394">
     <span class='ocr_line' id='line_1_38' title="bbox 0 0 1304 4394; baseline 0 0"><span class='ocrx_word' id='word_1_311' title='bbox 0 0 1304 4394; x_wconf 95' lang='lat' dir='ltr'> </span> 
     </span>
    </p>
   </div>
  </div>
 </body>
</html>
