2622 4382
195 371 257 438 ξω
526 387 686 440 ‚ourrrr
703 387 855 432 curru

196 525 321 589 hecnati
334 525 514 605 provinciam
525 545 591 588 esse
602 529 759 605 jusserunt
802 525 987 606 Cappadocia
1000 525 1128 586 Eumeni
1140 544 1212 589 cunr

194 619 394 700 Paphlagonit
408 623 504 684 cessit
546 623 731 700 Praeceptum
741 628 794 696 est,
807 628 843 682 ut
863 622 1009 700 regionem
1028 641 1093 680 eam
1112 640 1212 702 usque

193 715 231 776 ad
254 715 440 795 Trapezunta
462 717 641 791 defenderet,
660 715 770 776 bellum
793 735 860 802 cnm
896 715 1055 776 Ariarathe
1081 723 1209 794 gereret.

194 810 282 876 Solus
304 811 353 872 hio
373 813 555 874 detrectabat
575 812 738 890 imperium.
780 811 890 871 Pithon
914 811 1053 885 Mediam,
1074 811 1210 889 Lysima-

193 906 265 968 chus
281 907 435 969 Thraciam
448 907 651 984 appositasque
666 906 797 966 Thracica
807 905 948 964 Ponticae
958 912 1060 984 gentes
1073 905 1211 966 obtinere

199 1001 284 1078 jussi.
325 999 403 1071 'Qui
417 1000 521 1075 Iudice,
534 1001 642 1079 quique
664 999 782 1060 Bactris
796 1006 827 1058 et
848 999 1012 1079 Sogdianis,
1026 1000 1211 1079 caterisque,

192 1100 244 1154 aut
259 1092 379 1169 Oceani,
393 1101 446 1154 aut
465 1094 548 1155 rubri
561 1095 650 1154 maris
664 1094 770 1154 accolis
790 1101 943 1172 preerant,
957 1094 1064 1174 quibus
1083 1094 1210 1174 quisque

191 1188 298 1250 finibus
324 1189 485 1266 habuisset,
507 1189 622 1268 inperii
644 1191 733 1250 etiem
757 1192 807 1268 jus
833 1190 988 1250 obtineret
1044 1189 1210 1249 Decretum

192 1290 247 1359 est,
268 1291 305 1344 ut
327 1285 485 1348 Perdiccas
498 1306 564 1346 cum
589 1285 674 1366 Rege
694 1292 780 1362 ceeet,
802 1285 950 1364 copiisque
973 1291 1121 1363 praeesset,
1142 1305 1213 1364 qma

193 1379 307 1460 Regem
335 1383 538 1462 sequebantur.
590 1380 749 1461 Credidere
772 1381 893 1461 qnidam
917 1387 1092 1440 testamento
1116 1379 1210 1442 Alex·

193 1475 279 1538 andri
298 1477 472 1542 distributae
486 1496 550 1538 esse
570 1462 743 1555 provincias,
758 1476 811 1536 sed
833 1477 940 1536 lumem
964 1477 1028 1553 ejus
1047 1475 1091 1534 rei
1105 1474 1210 1554 (quau-

192 1590 282 1651 quam
302 1571 340 1634 ab
362 1573 530 1636 auctoribus
553 1572 664 1632 tradite
685 1574 742 1650 est)
763 1571 884 1630 ‘vanam
896 1569 988 1630 inisse
1005 1571 1209 1649 comperimus

194 1664 238 1726 Et
256 1667 375 1746 quidem
397 1687 464 1730 enee
486 1668 608 1746 quisque
630 1686 708 1744 opes,
723 1667 828 1726 divinis
849 1665 965 1744 imperii
985 1665 1130 1744 partibus,
1144 1672 1212 1726 tue·

72 1775 84 1828 ζ
192 1758 308 1838 bantur,
321 1781 394 1840 quas
405 1763 462 1839 ipsi
475 1761 675 1836 hrndaverant,
690 1762 716 1821 ei
735 1781 863 1840 unquam
876 1761 1015 1822 adversus
1035 1760 1211 1822 immodicas

192 1854 368 1932 cupiditates
390 1856 532 1916 terminus
554 1862 655 1916 staret.
697 1854 813 1934 Quippe
835 1855 925 1934 paule
939 1857 1009 1914 aute
1030 1855 1124 1934 Regis
1137 1857 1211 1916 miu-

192 1948 268 2024 istri,
283 1949 396 2028 'speeie
410 1949 526 2028 imperii
540 1949 627 2011 alieni
646 1949 830 2028 procurandi,
845 1949 953 2030 singnh
972 1950 1103 2028 ingentia
1115 1950 1212 2012 iuras·

193 2050 278 2106 munt
299 2063 397 2122 regna,
413 2044 536 2106 sublatis
559 2043 749 2105 certaminum
771 2044 874 2119 oensis,
889 2045 958 2104 edm
977 2051 1008 2104 et
1021 2062 1120 2105 omnes
1134 2047 1211 2122 ejue
1300 2061 1301 2070 ¹

194 2138 261 2202 dem
274 2140 370 2218 gentis
395 2145 500 2214 essent,
514 2146 545 2198 et
559 2147 580 2198 'a
593 2138 716 2214 eaeteris,
731 2138 779 2200 eui
800 2138 923 2218 quisque
945 2137 1059 2216 imperii
1080 2138 1212 2216 regione,
1300 2159 1301 2175 ¹

194 2234 323 2297 discreti.
366 2235 426 2296 Sed
448 2235 564 2294 difficile
584 2241 648 2294 erat
660 2253 695 2294 eo
708 2241 859 2296 contentos
873 2251 946 2308 esse,
960 2233 1038 2312 quod
1060 2232 1212 2294 obtulerat

194 2332 326 2392 occasio:
347 2331 454 2410 quippe
463 2331 583 2390 sordent
595 2330 689 2408 prima
701 2349 831 2410 qumque,
841 2330 909 2388 mim
922 2330 1033 2407 majora
1046 2336 1210 2406 sperantur.

194 2423 301 2504 Itaque
323 2426 456 2486 omnibus
480 2425 666 2502 ‘expeditius
693 2424 848 2486 videbatur
871 2443 978 2502 augere
998 2411 1098 2503 regna,
1120 2425 1213 2504 qudrn

114 2561 120 2570 ,
192 2517 300 2581 fuisset
316 2518 453 2596 accipere.
961 2575 963 2582 ,

252 2616 300 2674 26.
323 2612 473 2691 Septimus
495 2613 558 2673 dies
580 2619 652 2689 erat,
667 2631 704 2672 ex
725 2632 783 2692 quo
806 2632 912 2692 corpus
926 2613 1019 2694 Regis
1039 2613 1159 2691 jacebat
1177 2613 1211 2672 iu

193 2707 286 2787 solio,
307 2707 385 2768 euris
406 2707 535 2770 onmium
557 2708 595 2768 ad
616 2708 799 2768 formandum
818 2708 967 2786 publicum
987 2716 1096 2770 statum
1109 2729 1128 2768 a
1147 2716 1210 2770 tam

194 2803 315 2866 solemni
336 2821 455 2864 munere
476 2803 593 2865 eversis.
645 2802 687 2862 Et
709 2821 767 2864 non
788 2802 855 2864 aliis
876 2804 964 2883 quim
988 2802 1210 2881 Mesopotamiae

193 2902 311 2981 regione
332 2889 474 2962 fervidior
494 2907 585 2962 aestus
607 2898 724 2959 existit:
754 2898 827 2958 eded
849 2905 884 2956 ut
905 2897 1043 2977 pleraque
1061 2897 1208 2974 animalia,
1298 2885 1299 2907 ¹

193 3015 260 3074 qum
273 2998 305 3054 in
325 2996 500 3066 'undosolo
521 2993 721 3074 deprehendit,
736 2993 1028 3072 extinguat;'tnutus
1052 3001 1097 3052 est
1117 3012 1208 3071 vapor

194 3089 265 3149 solis
279 3097 310 3148 et
323 3089 397 3165 coeli,
412 3111 469 3170 quo
485 3099 589 3151 cuncte
601 3091 684 3160 velut
706 3090 783 3170 igne,
793 3095 949 3148 torrentur.
992 3088 1101 3148 Fontes
1121 3107 1207 3168 aqua·

193 3201 259 3244 rum
273 3190 304 3243 et
325 3184 386 3242 rari
399 3192 469 3244 snut
482 3193 512 3244 et
532 3185 719 3246 incolentium
733 3184 836 3244 frende
849 3183 989 3244 celantur.
1032 3183 1111 3262 Ipsis
1134 3203 1207 3242 uene

194 3285 283 3360 patet,
295 3278 413 3356 ignotus
427 3286 474 3338 est
487 3279 613 3342 advenis.
655 3279 715 3340 ⁸Ut
734 3279 851 3338 tandem
869 3297 971 3338 curare
992 3297 1096 3356 corpue
1111 3277 1208 3336 exani·

195 3395 275 3437 mum
296 3373 397 3433 amieis
418 3375 541 3449 vacavit,
565 3374 648 3434 nulle
670 3375 747 3449 tabe,
769 3393 806 3433 ne
832 3373 951 3434 minimo
972 3373 1091 3454 quidem
1114 3373 1207 3434 livore

196 3478 364 3552 corruptum
376 3469 476 3530 videre
499 3469 551 3549 qui
574 3470 761 3530 intraverant.
801 3469 915 3548 'Vigor
934 3470 1057 3549 qubque,
1072 3468 1123 3548 qui
1143 3487 1207 3528 eou-

196 3575 256 3630 etat
280 3587 317 3628 ex
343 3566 539 3645 spiritunon
566 3564 742 3625 destituerat
763 3563 885 3624 vultum.
942 3564 1049 3644 Itaque
1071 3562 1209 3643 AEgyptii

200 3663 386 3743 Chaldaeique
407 3662 484 3742 jussi
504 3679 609 3740 eorpus
632 3677 685 3720 suo
707 3679 787 3720 more
808 3678 920 3736 curare,
940 3661 1034 3739 primo
1058 3678 1116 3718 non
1140 3665 1210 3718 eunt

197 3758 262 3816 ausi
275 3758 436 3832 admovere,
450 3757 531 3818 velut
553 3755 684 3835 spiranti,
704 3771 824 3814 manus:
845 3754 951 3814 deinde
968 3753 1080 3832 precati
1104 3760 1139 3812 ut
1159 3753 1210 3830 jus

196 3849 298 3927 ineque
325 3858 404 3912 esset
426 3850 600 3914 mortalibus
627 3855 782 3910 attrectare
809 3868 883 3927 eum,
906 3849 1068 3928 purgavere
1094 3865 1209 3926 corpus,
