2622 4382
182 367 244 436 Μ
530 380 677 430 uurrrr
699 379 842 428 ouaurr

182 541 240 586 nou
252 517 433 600 omuitsntim
444 525 566 597 testem
589 519 717 599 ''utique
736 523 889 600 postquem
907 521 984 583 falso
995 517 1201 580 imimnlatum

182 637 256 693 auru,
269 616 391 678 nimium
403 615 579 678 invidiorum
591 615 728 695 gandium
740 616 878 678 ostendit

244 712 340 772 VIIL
373 717 420 772 25.
453 711 594 774 Indorum
618 711 709 790 legati
732 711 848 772 dimissi
872 712 981 786 domos,
1007 709 1109 789 paneis
1135 715 1203 787 post
1276 707 1288 730 '¹

183 807 289 872 diebm
301 827 368 868 oum
383 807 466 868 donis
486 813 681 866 revertuntur.
725 807 860 868 Trecenti
880 814 962 868 erant
982 807 1106 885 equites,
1121 805 1204 864 milla

184 903 306 983 triginta
327 921 439 976 eurrus,
453 919 525 981 quos
539 901 707 981 quadrijugi
729 903 797 982 equi
819 902 979 979 dnaebant3
1000 901 1088 968 linem
1110 900 1204 961 vestis

184 999 375 1077 uliquantum,
389 997 471 1058 mille
484 1003 569 1056 souta
583 995 695 1070 Indiae,
709 1005 740 1056 et
756 998 844 1058 ¹terri
866 997 982 1058 oaudidi
1003 994 1122 1058 talenta
1142 1015 1203 1055 oan-
1296 1011 1297 1058 1

184 1099 263 1167 turm,
285 1090 440 1169 leonesque
464 1109 539 1150 rarae
562 1089 782 1170 magnitudinis,
797 1098 828 1152 et
849 1091 949 1171 tigres,
962 1097 1122 1170 utrumque
1146 1089 1205 1148 ani·
1296 1095 1297 1158 ξ

184 1187 294 1253 utalad
313 1186 568 1248 mansuetudinem
591 1186 751 1264 domitum,
774 1187 1078 1266 lauertarumqnoque
1104 1187 1205 1264 ingan·

185 1284 261 1346 ham
281 1283 383 1362 pelles,
405 1290 435 1344 et
458 1281 545 1342 dorsa
569 1282 758 1344 testudinum.
802 1281 923 1344 Cratero
947 1282 1053 1342 deiude
1075 1283 1207 1360 imperat

186 1377 263 1455 Rex,
285 1379 381 1438 ’haud
408 1377 510 1457 procul
535 1397 629 1451 amne,
643 1397 696 1456 par
718 1398 804 1458 quem
825 1386 888 1438 erat
914 1379 977 1456 ipsa
999 1379 1205 1458 navigaturus,

186 1475 284 1554 oopias
298 1474 426 1536 dueeret
470 1473 531 1534 Eos
555 1481 662 1546 autam,
677 1473 728 1551 qui
752 1474 884 1534 domitari
908 1493 974 1534 eum
992 1473 1141 1548 solebant,
1156 1475 1206 1532 im·
1296 1469 1297 1486 ¹

185 1570 269 1648 ponit
282 1569 313 1628 in
326 1587 422 1643 naves,
437 1576 468 1628 et
480 1569 512 1628 iu
525 1568 596 1626 fines
611 1567 770 1628 Mallorum
791 1567 917 1628 serundo
931 1587 1014 1626 arnna
1035 1567 1205 1628 devehitur.
1296 1571 1297 1620 i

186 1663 263 1724 Inde
277 1663 418 1725 Sabraeas
432 1662 516 1736 adiit,
530 1661 657 1722 validam
671 1662 768 1722 Iudiae
781 1671 907 1741 gentem,
921 1683 987 1742 quas
1000 1662 1134 1740 'populi
1149 1683 1207 1722 non

186 1755 302 1834 Regum
326 1756 448 1832 imperio
470 1755 632 1833 regebatur.
676 1756 836 1835 Sexaginta
849 1758 942 1820 millia
963 1758 1094 1836 peditum
1118 1759 1206 1818 haba·
1296 1773 1297 1780 ¹

186 1849 265 1923 bant,
280 1850 409 1927 equitum
423 1857 489 1908 outo
503 1849 612 1910 millia:
634 1850 687 1910 has
708 1851 806 1928 eopias
819 1871 923 1932 ourrus
936 1853 1089 1932 quingenti
1102 1872 1206 1932 saque·

186 1943 299 2006 buntur.
343 1944 417 2004 Tres
431 1945 519 2005 dures
541 1951 687 2022 spectatos
702 1945 815 2006 virtute
836 1947 943 2008 belliue
958 1948 1112 2027 elegerant.
1162 1949 1206 2008 At

185 2035 290 2120 quiin
314 2040 392 2119 agris
414 2046 498 2100 erant
519 2039 644 2118 proximi
666 2041 787 2116 flumini,
809 2042 986 2122 (trequentes
1010 2049 1107 2102 autem
1123 2043 1206 2104 viaet

187 2136 313 2198 maxime
337 2136 367 2196 iu
387 2136 452 2214 ripa
475 2124 642 2215 habebant),
664 2145 698 2196 ut
720 2137 823 2198 videre
850 2145 947 2198 totum
975 2157 1098 2212 amnem,
1124 2139 1206 2219 ‘qud

187 2233 314 2312 prospioi
336 2240 459 2312 poterat,
482 2232 606 2310 navigiis
629 2239 819 2307 constratum,
842 2240 873 2292 et
897 2240 942 2292 tot
966 2233 1094 2294 militum
1122 2253 1206 2296 arma

187 2329 338 2408 fulgentia,
367 2327 464 2388 territi
490 2331 567 2388 novt
594 2327 677 2402 faeie,
702 2328 831 2388 Deorum
858 2328 1028 2403 exereitum,
1053 2337 1084 2388 et
1110 2330 1205 2390 alium

189 2424 330 2487 Liberum
350 2422 480 2496 Patrem,
495 2422 609 2484 celebre
630 2423 661 2482 in
683 2423 743 2482 illis
761 2423 897 2500 gentibus
917 2443 1031 2494 nomen,
1045 2423 1207 2484 adventura
1297 2427 1298 2430 ’

187 2517 352 2578 eredebant
406 2517 507 2576 'Hine
533 2516 661 2576 militum
683 2517 799 2594 elamor,
822 2519 890 2578 hino
917 2538 1062 2578 remorum
1088 2520 1204 2597 pulsus,

188 2611 332 2690 tuteque
345 2619 500 2670 nautarum
513 2629 599 2672 voees
619 2612 810 2689 hortantium,
824 2614 946 2692 pavidas
966 2633 1052 2674 auras
1066 2615 1205 2694 implere·

187 2715 260 2770 raut
304 2707 384 2788 Ergo
411 2707 540 2766 universi
567 2707 605 2766 ad
632 2727 690 2782 aas,
712 2709 763 2786 qui
787 2708 929 2769 inarmis
957 2719 1048 2785 erant,
1071 2717 1203 2784 ourrunt,

188 2803 304 2864 ‘furere
318 2803 509 2878 clamitantes,
522 2821 588 2862 uum
602 2801 668 2861 Diis
681 2803 815 2880 praelium
828 2804 961 2864 inituros.
1003 2805 1132 2883 Navigia
1146 2825 1221 2864 non·

187 2919 273 2978 posse
293 2899 447 2974 numerari,
461 2917 527 2978 qum
539 2897 664 2958 invictos
677 2898 823 2959 veherent
867 2900 1050 2979 Tantumque
1070 2901 1102 2959 iu
1122 2921 1202 2962 exer·

188 2994 280 3052 eitum
303 3013 422 3054 suorum
446 2995 574 3054 intulere
587 2995 715 3070 terroris,
729 3001 764 3054 ut
787 2994 899 3074 legatos
919 2996 1073 3056 mitterent
1085 3007 1203 3074 gentem

189 3087 349 3148 dedituros.

249 3185 296 3242 26.
319 3183 378 3242 His
400 3185 430 3242 in
452 3186 538 3246 fidem
552 3187 688 3265 aeueptis,
702 3185 740 3246 ad
764 3186 836 3246 alias
857 3186 962 3246 deinde
975 3193 1078 3266 gentes
1097 3194 1201 3266 quarto

189 3278 236 3338 die
262 3279 402 3354 pervenit
446 3279 568 3340 'Nihilo
595 3283 662 3358 plus
688 3282 778 3342 animi
806 3282 851 3342 his
878 3283 945 3357 fuit,
970 3284 1059 3361 qutun
1086 3283 1201 3342 ueteris

189 3375 293 3434 fuerat.
335 3372 441 3452 Itaque
461 3375 568 3451 oppido
583 3377 625 3437 ibi
639 3378 766 3452 eondito,
781 3377 860 3456 quod
873 3377 1086 3438 Alexandriam
1106 3378 1202 3456 appel·

189 3470 245 3530 lari
262 3472 399 3548 jusserat,
414 3470 484 3528 lines
498 3489 607 3545 eorum,
618 3473 671 3550 qui
694 3473 840 3532 Musicani
864 3474 1056 3550 appellentur,
1071 3473 1200 3534 intravit.

190 3565 271 3626 'Hie
294 3566 331 3628 de
354 3565 482 3626 Teriolte
507 3565 640 3644 Satrape,
655 3587 742 3646 quem
765 3567 1000 3645 Parapamisadis
1023 3569 1201 3648 prafeosrat,

189 3661 294 3722 iisdem
320 3661 518 3742 arguentibus,
540 3663 698 3740 cognovit:
729 3662 878 3742 multaque
905 3668 992 3724 avare
1019 3685 1052 3724 au
1080 3664 1203 3743 superte

189 3755 293 3816 lauisse
314 3759 485 3834 eonviotum,
501 3758 623 3818 interfici
644 3759 741 3835 jussit.
786 3757 913 3820 Oxartes
936 3761 1051 3820 Praetor
1074 3760 1203 3820 Baotria·

189 3864 292 3908 norum
302 3869 360 3910 non
370 3854 520 3914 absolutus
531 3853 626 3930 modo,
641 3853 693 3914 sed
703 3855 791 3914 etiam
800 3856 867 3932 jura
878 3855 983 3916 amoris
993 3853 1144 3934 amplioris
1152 3855 1203 3914 im·
