2520 4390
202 355 258 416 tat
548 369 688 424 aarum
716 367 857 412 ounrrr

198 519 310 572 montes
344 517 564 590 occupaverunt.
620 509 772 587 Praerupta
797 525 886 587 rupes
918 515 990 583 erat,
1018 509 1084 588 qud
1110 518 1225 588 spectat

200 607 397 670 Occidentem.
442 607 562 681 Eadem,
586 607 646 686 qud
659 606 755 684 vergit
776 605 814 663 ad
838 603 999 678 Orientem,
1015 604 1139 666 leniore
1164 609 1224 666 sub

197 703 285 762 mIsaa
297 702 426 782 fastigio,
446 702 548 760 multis
572 701 723 761 arboribus
737 700 840 776 obsita,
862 717 1017 777 parennem
1044 701 1144 760 babet
1166 705 1223 760 fon-

197 805 265 874 tem,
292 815 329 858 ex
355 817 413 876 quo
440 798 528 876 largm
555 817 639 876 aquae
659 802 785 854 manant.
829 793 977 855 Oirouitus
1005 798 1073 871 ejus
1098 798 1223 877 triginta

197 899 228 952 et
249 893 308 952 duo
330 893 427 952 studia
448 891 673 969 comprehendit.
716 890 755 950 In
778 889 888 949 vertice
911 889 1052 950 herbidus
1077 911 1221 971 campus:

197 988 228 1046 in
250 989 305 1047 hoo
328 987 547 1046 multitudinem
567 986 714 1046 imbellem
735 984 885 1044 considere
902 985 1014 1061 jubent.
1061 985 1146 1064 Ipsi,
1168 991 1220 1066 qni

199 1101 286 1159 rupes
311 1082 446 1156 desierat,
470 1081 605 1141 arborum
626 1089 745 1140 truncos
766 1087 796 1138 et
817 1099 887 1139 saxa
901 1079 1117 1140 obmoliuntur.
1135 1083 1219 1142 XIII

196 1177 288 1236 millia
302 1184 411 1236 armata
425 1183 516 1236 crant
622 1191 626 1196 '
1253 1251 1254 1254 Ἴ

260 1275 302 1332 17.
326 1272 364 1332 In
377 1291 500 1352 quorum
514 1271 663 1332 obsidione
686 1270 807 1331 Cratero
827 1269 938 1345 relicto,
960 1271 1021 1348 ipre
1047 1270 1215 1332 Satibaraa·
1253 1275 1254 1282 ’

195 1387 262 1428 nem
283 1368 366 1448 sequi
389 1368 518 1428 festinat.
568 1366 610 1425 Et
631 1366 699 1446 qnia
722 1366 742 1394 ¹⁴
755 1365 869 1444 longiis
891 1385 958 1423 eum
982 1365 1088 1425 abesse
1117 1387 1215 1448 cogno

194 1472 287 1539 verat,
302 1465 339 1523 ad
358 1463 566 1543 expugnandos
590 1481 639 1521 eos
659 1461 710 1540 qui
732 1461 811 1520 edita
836 1461 978 1520 montium
992 1473 1214 1548 occupaverant,

197 1561 280 1618 redit.
324 1559 343 1590 ¹⁸
353 1559 399 1618 Ac
413 1560 506 1637 primd
521 1557 671 1636 repurgari
682 1557 775 1634 jubet,
796 1556 935 1636 quicquid
945 1556 1060 1636 ingredi
1074 1569 1213 1636 possent:

196 1654 311 1727 deinde,
339 1662 373 1712 ut
404 1654 595 1712 occurrebant
629 1653 716 1712 invice
743 1660 831 1727 cotes,
859 1643 1071 1730 praeruptaeque
1109 1675 1211 1734 rupea,

195 1749 297 1806 irritus
320 1748 402 1807 labor
415 1748 579 1820 videbatur,
594 1747 730 1807 obstante
744 1751 859 1806 natura.
910 1747 977 1822 Ille,
992 1755 1112 1808 uteret
1129 1752 1151 1780 ¹⁸
1161 1751 1212 1809 sni-

194 1844 235 1901 mi
249 1862 362 1920 semper
376 1841 550 1902 obluotantis
562 1841 790 1918 difficultatibus,
800 1843 867 1902 edm
882 1849 912 1902 et
924 1843 1062 1922 progredi
1077 1847 1211 1921 arduum,

93 1986 97 2000 .
194 1945 224 1996 et
247 1938 355 1996 reverti
378 1938 572 2016 periculosum
597 1945 683 2016 essct,
707 1938 842 1998 versabat
866 1957 897 1998 se
920 1938 957 1996 ad
981 1957 1083 1998 omnes
1101 1943 1211 2021 cogita·

194 2033 296 2107 tiones,
311 2034 391 2092 aliud
414 2041 500 2114 atque
515 2034 596 2092 aliud
610 2034 664 2110 (ita
683 2041 718 2092 ut
739 2034 802 2094 fieri
817 2035 900 2110 solet,
915 2034 966 2093 ubi
978 2034 1074 2112 prima
1087 2057 1209 2118 quaeque

194 2128 374 2209 damnamus)
404 2129 576 2208 subjiciente
607 2130 720 2188 animo:
756 2129 914 2204 haesitanti,
942 2129 1020 2207 quod
1047 2131 1129 2190 ratio
1158 2153 1210 2191 non

60 2257 79 2272 =
192 2225 298 2303 potuit,
319 2227 437 2286 fortuna
461 2225 613 2286 cerellium
638 2224 877 2284 subministravit.
920 2223 1088 2284 Vehemens
1120 2227 1209 2288 Fauo

192 2321 258 2380 nius
283 2329 353 2398 erat,
368 2329 398 2381 et
421 2322 544 2380 multam
567 2321 719 2379 materiam
743 2319 885 2378 ceciderat
907 2320 999 2394 miles,
1021 2320 1140 2382 aditum
1161 2345 1209 2402 per

192 2435 263 2474 saxa
277 2416 403 2474 molitus.
447 2415 521 2474 Haeo
536 2433 642 2492 vapore
656 2414 768 2473 torrida
782 2415 937 2480 intrueret.
980 2414 1060 2494 Ergo
1076 2421 1209 2495 aggerari

192 2509 263 2566 alias
291 2509 409 2568 arbores
426 2509 520 2584 jubet,
550 2517 580 2567 et
608 2511 627 2538 ¹¹
638 2509 699 2587 igni
728 2509 797 2569 dare
825 2510 980 2570 alimenta:
1015 2511 1207 2594 celeriterque

192 2603 340 2679 stipitibus
364 2603 529 2678 cumulatis,
553 2604 704 2682 fastigium
727 2606 834 2664 montis
857 2614 1003 2684 aequatum
1025 2613 1079 2686 est,
1126 2609 1208 2670 Tunc
1251 2675 1252 2694 ἦ

191 2698 319 2778 nudique
334 2699 410 2778 ignIs
433 2698 558 2776 injectus
573 2706 677 2757 cuncta
700 2701 936 2779 comprehendit:
954 2701 1099 2762 flammam
1113 2705 1146 2764 in
1161 2727 1208 2766 ora

191 2794 318 2854 hostium
344 2801 449 2855 ventus
473 2794 605 2854 ferebat:
635 2793 733 2854 fumus
755 2793 856 2874 ingens
879 2796 961 2856 velut
981 2797 1110 2876 quadam
1130 2802 1206 2862 nube

191 2891 383 2951 absconderat
396 2891 509 2950 coelum.
553 2889 703 2951 Sonabant
719 2889 852 2950 incendio
867 2891 966 2970 sylvae,
981 2899 1068 2971 atque
1090 2913 1124 2953 ea
1138 2915 1205 2975 quo
1250 2927 1251 2932 .

190 3005 254 3064 que,
267 3005 332 3064 quae
345 3005 401 3044 non
424 2985 592 3044 incenderat
613 2986 706 3059 miles,
722 2993 861 3063 concepto
883 2987 950 3064 igne
974 2988 1109 3065 proxima
1131 3012 1204 3070 quaa

190 3100 247 3159 que
272 3080 443 3139 adurebant.
493 3079 619 3142 Barbari
641 3079 848 3158 suppliciorum
874 3079 893 3110 ¹⁸
901 3081 1047 3157 ultimum,
1076 3085 1135 3144 ¹'si
1148 3090 1204 3165 qui

190 3175 428 3234 intermoreretur
442 3174 525 3252 ignis,
539 3177 664 3253 effugere
685 3175 856 3234 tentabant:
879 3175 931 3237 scd
951 3177 1009 3255 qud
1029 3177 1146 3238 flamma
1161 3181 1203 3240 de·

190 3269 275 3328 derat
296 3269 400 3344 locum,
414 3269 507 3329 hostis
521 3271 663 3332 obstabat.
716 3269 810 3329 Varia
832 3271 921 3348 igitur
945 3272 1026 3330 clade
1040 3277 1203 3355 consumpti

189 3372 267 3426 sunt.
308 3364 373 3424 Alii
396 3365 426 3424 in
447 3365 558 3425 medios
580 3366 670 3444 ignes,
686 3365 736 3423 alii
750 3366 780 3422 in
804 3373 902 3443 petras
916 3367 1137 3444 praeoipitavere
1152 3389 1201 3430 se:

188 3461 307 3540 quidam
330 3461 465 3521 manibus
489 3460 616 3519 hostium
639 3479 670 3518 se
692 3459 877 3520 obtulerunt:
897 3461 990 3538 pauci,
1006 3462 1201 3524 semiustulati

187 3559 292 3616 venere
306 3557 336 3614 in
350 3563 533 3634 potestatem.

251 3655 293 3710 18.
317 3651 396 3709 Hinc
421 3650 458 3708 ad
482 3647 643 3722 Craterum,
659 3650 709 3728 qui
731 3651 896 3709 Artaoacua
919 3649 1080 3728 obsidebat,
1103 3654 1197 3720 rediit

187 3743 253 3819 Ille,
268 3745 402 3805 omuibus
415 3744 595 3822 praeparetis,
609 3743 702 3824 Regis
723 3745 911 3824 exspectabat
931 3746 1096 3823 adventurn,
1109 3751 1198 3830 ”cap-

187 3846 224 3896 tae
247 3839 330 3900 urbis
352 3839 441 3897 titulo
464 3838 553 3913 (sicut
576 3857 629 3917 par
652 3839 728 3919 erat)
749 3840 863 3900 cedens.
907 3839 1004 3920 Igitur
1029 3842 1196 3906 Alexander
