2600 4394
187 335 228 396 46
537 345 677 397 curari
703 343 844 386 curru

188 507 314 568 cumque,
321 487 492 548 felicitatem
505 483 640 558 habeant,
654 483 795 544 invidiam
816 488 915 541 tamen
927 481 1035 541 sentire
1049 481 1210 557 majorem.

189 583 305 658 Vereri,
319 601 356 640 ne
377 601 408 641 se
432 583 530 642 avium
552 577 648 652 modo,
663 596 734 656 quas
754 575 897 635 naturalis
917 575 1022 636 levitas
1042 581 1147 654 ageret
1171 575 1212 634 ad

189 677 295 751 sidera,
309 677 388 736 inani
413 695 446 736 ac
469 673 576 753 puerili
599 673 705 732 mentis
727 672 834 732 affectu
857 672 981 746 efferret.
1024 671 1112 730 Nihil
1135 671 1212 728 diffi-

189 772 274 832 cilius
301 791 373 846 esse,
400 771 490 850 quam
516 770 547 828 in
579 768 632 826 illa
658 774 745 828 aetate
771 774 882 826 tantum
917 785 1019 844 capere
1046 767 1209 826 fortunam.

190 867 323 926 ‘Multas
337 885 369 926 se
389 865 482 925 adhuc
505 863 643 942 reliquias
665 861 780 937 habere,
794 880 848 921 uec
869 881 981 940 semper
994 861 1003 888 ⁸
1014 861 1045 920 iu
1059 859 1211 938 angustiis

189 981 274 1042 posse
289 959 472 1040 deprehendi.
515 957 736 1018 Transeundum
750 975 812 1016 esse
826 955 996 1018 Alexandro
1011 955 1210 1033 Euphratem,

192 1056 367 1134 Tigrimque,
383 1062 412 1114 et
425 1055 555 1126 Araxen,
570 1058 601 1111 et
623 1051 792 1129 Hydaspen,
807 1071 912 1130 magna
931 1050 1110 1110 munimenta
1124 1049 1211 1128 regni

191 1153 246 1212 aui.
289 1148 474 1210 Venieudum
488 1148 519 1206 in
532 1165 656 1225 campos,
672 1147 724 1208 uhi
744 1146 893 1225 paucitate
908 1163 1025 1206 suorum
1038 1146 1210 1206 erubescen-

192 1246 262 1306 dum
288 1246 335 1308 sit.
378 1244 516 1317 Mediam,
546 1241 735 1319 Hyrcaniam,
764 1241 882 1315 Bactra,
911 1248 942 1300 et
967 1240 1067 1315 Indos,
1096 1241 1210 1302 Oceani
1277 1291 1278 1324 ,

192 1341 312 1414 accolas,
326 1339 440 1421 quaudd
455 1339 611 1412 aditurum,
625 1357 663 1396 ue
677 1336 837 1414 Sogdianos
857 1343 887 1394 et
907 1336 1094 1409 Arachosios,
1118 1336 1208 1396 uomi-
1277 1327 1278 1338 ¹

191 1455 266 1512 uem,
281 1445 457 1515 eaeterasque
470 1441 581 1516 gentes,
597 1432 633 1492 ad
649 1431 810 1492 Caucasum
824 1439 855 1490 et
869 1431 991 1490 Tanaim
1004 1431 1207 1510 pertinentes?

193 1531 404 1592 Senescendum
427 1531 489 1590 fore
507 1535 619 1588 tantum
641 1533 784 1586 terrarum
797 1525 844 1586 vel
866 1525 930 1586 sine
954 1527 1055 1604 praelio
1075 1527 1206 1587 obeunti.

192 1623 252 1684 'Se
265 1626 333 1684 γετὸ
347 1624 385 1682 ad
407 1623 502 1700 ipsum
516 1640 618 1681 vocare
641 1621 803 1680 desineret:
823 1641 947 1700 nemque
968 1621 1047 1680 illius
1068 1623 1162 1681 exitio
1177 1639 1208 1682 se

193 1737 256 1776 esse
270 1717 452 1778 venturum.⁷’
493 1715 671 1789 Alexander,
694 1716 749 1789 his,
764 1715 814 1794 qui
837 1715 951 1778 litteras
975 1716 1146 1792 attulerant,
1166 1737 1208 1776 re

194 1811 324 1895 spondit:
340 1809 567 1870 “Darium⁸sibi
577 1809 672 1868 aliena
681 1812 866 1888 promittere;
881 1811 1207 1890 quodtotumamiserit,

193 1907 268 1968 velle
282 1905 392 1984 partiri.
436 1905 507 1964 Doti
521 1905 577 1965 sibi
592 1905 655 1964 dari
669 1906 804 1984 Lydiam,
819 1907 944 1982 Ioniam,
959 1907 1118 1982 AEolidem,
1135 1909 1208 1968 Hel·

193 2003 320 2081 lesponti
333 2021 421 2076 orem,
435 2001 444 2029 ⁰
455 2001 584 2061 victoriae
598 2019 659 2062 suae
671 2003 809 2080 praemia:
830 2003 909 2081 leges
924 2005 943 2033 ¹⁰
952 2010 1050 2062 autem
1063 2024 1081 2062 a
1093 2003 1209 2064 victori-

194 2097 250 2160 bus
279 2097 353 2176 dici;
383 2097 475 2176 accipi
501 2117 519 2158 a
544 2097 641 2160 victis.
683 2097 722 2158 In
747 2105 815 2156 utro
842 2106 923 2159 statu
946 2099 1030 2158 ambo
1055 2101 1209 2175 essent,si

195 2193 275 2256 solus
299 2194 454 2276 ignoraret,
469 2194 686 2275 quamprimdm
709 2194 806 2254 Marte
829 2194 1011 2254 decerneret:
1034 2214 1065 2254 se
1084 2215 1208 2276 quoqne,

195 2293 263 2352 edm
278 2295 431 2352 transisset
450 2311 538 2368 mare,
552 2310 610 2352 nou
626 2289 760 2352 Ciliciam
774 2297 825 2348 aut
849 2289 983 2367 Lydiam,
999 2290 1119 2370 (quippe
1133 2293 1209 2352 tanti

194 2387 267 2450 belli
291 2387 426 2466 exiguam
448 2386 522 2446 hanc
546 2405 608 2445 esse
634 2385 807 2464 mercedem)
830 2385 881 2453 sed
903 2385 1093 2464 Persepolim,
1122 2396 1209 2466 caput

195 2480 278 2558 regui
291 2483 363 2557 ejus,
378 2480 488 2538 Bactra
503 2479 617 2552 deinde,
634 2479 793 2555 Ecbatana,
806 2480 961 2559 ultimique
984 2479 1116 2542 Orientis
1130 2503 1208 2542 oram

196 2575 217 2604 ¹¹
228 2573 349 2654 imperio
373 2593 426 2634 suo
450 2573 621 2634 destintsse.
664 2574 851 2656 Qudcumque
871 2577 922 2634 ille
942 2577 1042 2656 lugere
1057 2579 1208 2656 potuisset,
1277 2629 1278 2650 ,

196 2672 291 2751 ipsum
317 2669 399 2750 sequi
431 2687 524 2748 pesae.
580 2669 735 2730 Desineret
767 2678 878 2732 terrere
911 2672 1088 2748 fluminibus,
1122 2695 1208 2754 quem

196 2768 285 2828 sciret
308 2767 400 2830 maria
423 2765 590 2826 transisse.''
631 2765 729 2846 Reges
752 2767 870 2846 quidem
890 2768 1013 2828 invicem
1036 2769 1098 2829 haec
1120 2772 1207 2849 scrip·
1277 2819 1278 2850 ἒ

196 2871 301 2924 serant.
536 2905 540 2912 -
998 2895 1001 2900 ·
1277 2851 1278 2918 Ϊ

256 2963 302 3018 21.
326 2957 384 3020 Sed
399 2957 509 3018 Rhodii
529 2957 631 3020 urbem
645 2977 728 3017 suam
747 2964 907 3037 portusque
922 2959 1068 3020 dedebant
1081 2959 1207 3020 Alexan-

197 3056 258 3116 dro.
302 3053 360 3114 Ille
375 3053 508 3114 ciliciam
522 3053 637 3116 Socrati
658 3054 836 3132 tradiderat,
859 3055 981 3114 Philete
1000 3057 1111 3134 regioni
1133 3059 1208 3118 circa

197 3151 309 3228 Tyrum
327 3152 410 3226 jusso
432 3149 604 3227 praesidere:
627 3151 752 3229 Syriam,
766 3170 832 3229 quae
857 3150 937 3211 Geele
959 3152 1134 3230 appellatur,
1149 3153 1207 3212 An·

197 3245 352 3306 dromaeho
367 3245 522 3306 Parmenio
536 3246 705 3322 tradiderat,
720 3247 805 3323 bello,
817 3247 896 3326 quod
915 3253 1075 3325 supererat,
1090 3249 1206 3308 iuterfu-

196 3349 289 3402 tnrus.
331 3340 408 3416 Rex,
429 3341 638 3418 Hephaestione
659 3342 813 3402 Phoenices
828 3361 907 3401 oram
922 3341 1014 3402 classe
1034 3343 1206 3420 praetervehi

200 3441 293 3516 jusso,
308 3435 346 3495 ad
358 3436 462 3495 urbem
484 3434 592 3496 Garum
614 3454 680 3494 curn
701 3437 835 3496 omnibus
856 3437 947 3514 copiis
967 3437 1055 3497 venit.
1098 3438 1206 3498 Iisdem

196 3534 257 3594 fere
279 3531 382 3592 diebus
405 3530 423 3558 ¹²
432 3529 558 3590 solemne
580 3536 643 3588 erat
664 3529 810 3590 ludicrum
834 3531 1033 3607 Isthmiorum,
1046 3533 1124 3611 quod
1145 3551 1205 3590 cou-

196 3635 285 3688 ventu
299 3627 390 3686 totius
405 3625 525 3688 Graeciae
539 3624 711 3686 celebratur.
753 3625 791 3684 In
806 3645 840 3686 co
853 3627 984 3702 concilio,
998 3634 1033 3684 ut
1047 3635 1116 3686 sunt
1130 3625 1204 3687 Gra·

196 3742 297 3784 oerum
317 3723 335 3750 ¹⁸
345 3721 520 3800 temporaria
539 3720 663 3800 ingenia,
680 3716 847 3795 decernms,
861 3729 896 3780 ut
910 3721 1062 3782 duodecim
1083 3721 1205 3799 legerer·

196 3823 245 3881 tur
255 3816 293 3876 ad
304 3815 423 3894 Regem,
434 3817 485 3896 qui
495 3815 533 3877 oh
542 3835 589 3877 res
600 3835 654 3894 pre
667 3816 762 3876 salute
776 3803 898 3886 dyaeoiae
908 3835 942 3874 ac
952 3815 1088 3876 libertate
1102 3821 1205 3893 gestas,
