2622 4382
360 373 482 414 arnna
510 373 545 413 x.
577 373 663 413 ear.
695 373 730 414 v.
994 355 1055 414 256

80 531 152 572 nere
166 519 342 591 potuerunt3
365 512 488 594 vagique
499 519 530 572 ct
542 511 704 574 meratus
718 509 836 586 similes,
850 516 943 571 totam
951 509 1054 573 urbem

80 631 107 668 u
121 627 157 668 ac
170 625 293 668 moerore
314 608 542 686 compleverunt3
565 607 655 667 nullis
676 605 824 685 questibus
838 606 961 682 omissis,
981 623 1054 686 quoa

80 704 129 762 tali
144 723 217 763 casu
231 703 311 762 dolor
324 703 462 783 suggerit.

92 803 138 858 13.
162 799 246 878 Ergd
260 799 311 878 qui
334 807 419 858 extra
431 801 540 878 regiam
564 798 728 874 astiterant,
751 797 924 858 Macedones
943 795 1055 876 pariter

80 894 217 972 rbariqua
231 902 412 969 concurrunt,
427 913 480 957 nec
500 901 635 973 poterant
647 894 719 955 victi
734 913 752 952 a
764 893 924 956 victoribus
937 893 968 952 in
980 913 1054 952 oom-

80 989 104 1046 ri
119 989 222 1048 dolore
236 990 369 1050 discerni.
412 989 512 1051 Persae
532 991 727 1068 justissimum
752 1007 785 1048 ac
805 989 992 1049 mitissimum
1005 988 1054 1048 do·

80 1105 145 1160 rum,
161 1085 338 1144 Macedones
358 1086 499 1164 optimum
522 1105 556 1144 ae
577 1085 769 1146 fortissimum
790 1085 902 1165 Regem
922 1084 1054 1146 invocan-

103 1182 272 1239 ⁵oertamen
294 1179 437 1259 quoddam
458 1181 590 1240 moeroris
617 1179 748 1240 edebant.
797 1179 860 1239 Nec
887 1187 1054 1240 moestornm

80 1278 133 1350 im,
148 1275 203 1336 sed
217 1276 308 1334 etiam
330 1274 544 1354 indignantium
556 1293 640 1334 voces
661 1274 897 1349 exaudiebantur,
911 1282 972 1333 tam
985 1275 1054 1336 viri·

80 1392 103 1445 o,
132 1378 164 1428 ct
188 1369 220 1428 in
242 1370 312 1430 flore
334 1371 432 1430 aetatis
455 1370 646 1448 fortunaeque,
670 1369 783 1429 invidia
804 1369 903 1428 Dedin
924 1376 1054 1447 ereptum

80 1465 195 1525 erebus
215 1463 357 1524 humanis.
399 1463 494 1544 Vigor
515 1466 577 1541 ejus
599 1471 629 1522 et
642 1463 742 1524 vultus
764 1463 914 1524 educantis
931 1465 963 1523 in
983 1483 1055 1542 prae·

80 1581 103 1617 m
117 1559 236 1634 milites,
251 1559 410 1620 obsidentis
422 1559 519 1635 urbes,
533 1559 699 1619 “evadentis
711 1559 743 1618 in
753 1577 859 1635 muros,
872 1559 963 1619 fortes
975 1559 1054 1620 viros

80 1683 82 1704 ·
105 1654 244 1713 concione
266 1653 407 1730 donantis,
433 1655 621 1715 occurrebant
641 1655 740 1715 oculis.
784 1655 859 1714 Tum
880 1654 1055 1715 Macedonas

80 1750 146 1807 inos
168 1749 290 1808 honores
311 1754 431 1830 negasse
445 1751 472 1808 ei
492 1750 668 1828 poenitebat,
690 1750 850 1831 impiosque
872 1759 903 1810 et
924 1751 1054 1831 ingratae

80 1863 122 1902 ase
144 1863 176 1904 se
197 1845 414 1921 confitebantur,
438 1846 517 1926 qubd
540 1865 623 1906 aures
650 1849 715 1925 ejus
738 1845 837 1908 debita
859 1847 1053 1926 appellatione

80 1941 224 2001 adessent.
267 1940 309 1999 Elt
332 1943 400 1999 calm
424 1941 475 2000 diu
496 1961 572 2000 nunc
596 1941 628 2000 in
649 1941 843 2017 veneratione,
856 1961 933 2000 nuno
952 1941 986 2000 in
1006 1941 1053 2001 dc·

80 2035 140 2092 erio
162 2035 254 2113 Regis
274 2035 436 2112 haesissent,
451 2036 483 2094 in
503 2036 581 2114 ipsos
594 2055 678 2096 versa
698 2037 847 2096 miseratio
862 2044 915 2095 est.
958 2037 1053 2096 Mace·

80 2131 123 2186 oia
144 2129 266 2205 profecti
289 2129 370 2188 ultra
391 2129 572 2207 Euphratem
594 2130 698 2190 mediis
719 2131 855 2190 hostibus
877 2149 983 2191 novum
1000 2129 1053 2188 im·

81 2225 147 2282 rium
162 2225 389 2301 aspernantibus,
405 2225 561 2284 destitutos
581 2244 611 2285 se
632 2243 694 2285 esse
707 2226 878 2286 cernebant:
900 2223 962 2285 sine
975 2231 1054 2284 certo

81 2320 127 2398 gis
141 2319 264 2394 haerede,
278 2319 407 2396 publicas
420 2320 498 2380 vires
511 2320 549 2379 ad
562 2339 592 2380 se
605 2339 745 2400 quemque
758 2327 928 2380 tracturum.
969 2320 1055 2380 Bella

81 2415 142 2473 nde
176 2415 283 2490 civilia,
316 2433 382 2493 quae
415 2422 515 2474 secuta
548 2424 624 2492 sunt,
651 2417 797 2477 mentibus
829 2417 1052 2496 augurabantur.

81 2531 148 2568 trum
170 2512 246 2570 'non
269 2510 304 2568 de
327 2531 416 2590 regno
438 2510 530 2586 Asiae,
552 2511 602 2571 sad
624 2511 660 2570 de
682 2512 772 2592 Rege,
792 2511 864 2590 ipsis
885 2513 1053 2592 sangninem

81 2627 99 2664 te
120 2605 302 2666 fundendum.
354 2606 446 2666 Novis
467 2606 635 2668 vulneribus
656 2615 767 2668 veteres
788 2607 960 2686 rumpendas
981 2609 1052 2668 oica·

81 2719 131 2760 cea.
180 2699 268 2761 Senes
293 2699 411 2778 debiles,
435 2701 521 2761 modd
542 2702 637 2780 petita
660 2703 796 2762 missione
820 2721 837 2760 a
861 2705 941 2779 justo
962 2703 1053 2784 Rege,

82 2815 113 2852 ne
133 2797 285 2854 morituros
305 2795 376 2873 ⁸pro
389 2797 521 2874 potentia
534 2797 658 2857 forsitan
677 2795 814 2856 satellitis
834 2795 957 2873 alicujus
974 2797 1053 2878 iguo·

82 2907 117 2946 rs.

106 2985 147 3041 14.
168 2980 230 3041 Has
244 2981 433 3060 cogitationes
443 2985 635 3058 volventibus,
647 3003 705 3044 nox
715 2984 890 3062 supervenit,
903 2991 1053 3048 terrorem·

82 3098 99 3136 e
123 3078 208 3137 auxit
251 3077 364 3136 Milites
386 3079 417 3136 in
440 3080 527 3139 armis
549 3081 719 3160 vigilabant,
747 3081 912 3160 Babylonii,
940 3083 1054 3143 aliusa

82 3174 139 3248 rris,
163 3173 234 3232 alius
256 3172 380 3232 culmine
402 3175 448 3233 sui
470 3173 591 3254 quisque
614 3177 693 3251 tecti,
715 3177 944 3254 prospectabant,
971 3177 1054 3258 quasi

82 3268 164 3326 rtiora
187 3267 283 3329 visuri.
339 3267 403 3328 Nec
429 3271 580 3349 quisquam
607 3271 714 3330 lumina
741 3271 865 3334 audebat
891 3273 1052 3332 accendere.

83 3383 86 3418 a
108 3363 171 3440 quia
184 3363 329 3424 oculorum
352 3365 482 3426 cessabat
504 3381 582 3441 usus,
603 3365 758 3426 ’hemitur
777 3385 917 3446 vocesque
936 3365 1054 3425 auribus

83 3458 200 3534 ptabant.
249 3459 294 3518 Ao
319 3460 490 3540 plerumque
512 3481 586 3523 vano
608 3470 688 3522 metu
709 3463 816 3538 territi,
843 3481 896 3540 per
918 3461 1053 3520 obscuras

83 3553 158 3611 nitas
171 3551 241 3610 alins
254 3553 306 3612 alii
320 3563 512 3633 occursantes,
527 3555 650 3617 invicem
669 3557 795 3636 suspecti
808 3563 838 3614 et
851 3551 970 3613 solliciti
983 3553 1053 3612 fcre-

83 3655 152 3708 ntnr.
192 3648 299 3723 Persae,
323 3653 412 3710 comis
433 3671 486 3712 suo
508 3671 588 3712 more
612 3651 751 3726 detonsis,
776 3649 808 3708 in
829 3646 947 3726 lugubri
972 3655 1054 3708 reste

83 3763 109 3798 m
129 3741 289 3822 conjugibus
310 3763 344 3801 ac
365 3745 475 3822 liberis,
489 3765 548 3806 non
568 3753 603 3805 ut
615 3747 765 3817 victorem,
781 3749 811 3801 et
831 3740 917 3800 modb
930 3741 1053 3820 hostem,

83 3838 147 3895 dut
166 3837 256 3918 gentis
277 3857 337 3899 suaa
358 3841 551 3917 justissimum
576 3841 696 3918 Regem,
718 3857 787 3898 varo
807 3835 950 3896 desiderio
973 3839 1052 3918 luge·
