2600 4394
418 329 540 372 nrsnr
570 329 631 372 111.
666 331 750 372 oar.
781 329 872 372 vrrr.
1110 313 1147 370 at

202 472 249 530 20.
272 468 430 544 ceterum,
438 475 473 529 ut
487 467 562 532 solet
574 469 645 543 lieri,
655 471 724 531 edm
736 469 834 530 ultimi
847 467 1022 530 dimriminis
1035 473 1153 546 tempus

146 566 288 640 adventat,
313 567 344 624 in
367 566 592 626 sollicitudinem
615 585 699 626 versa
722 567 827 626 fiducia
848 571 900 626 est
948 563 1036 624 Illam
1059 563 1152 640 ipsam

146 662 298 736 fortunam,
312 665 371 742 qut
384 662 529 740 aspirante
543 677 591 720 res
604 669 665 722 tam
678 664 816 740 prospere
836 668 974 741 gesserat,
988 659 1152 732 verebatur,

151 759 168 788 ¹¹
177 777 229 816 nec
243 758 360 834 injurit,
373 777 410 818 ex
422 757 469 816 his
482 777 548 836 queo
561 758 712 819 tribuisset
725 758 790 835 sibi,
802 758 889 837 qudm
902 755 1053 816 mutabilis
1066 759 1152 826 esset,

145 854 315 930 reputabat:
336 873 425 912 unam
438 871 589 930 superesse
602 861 725 927 noctem,
736 873 803 934 qum
819 853 895 914 tanti
910 849 1083 912 discriminis
1096 867 1155 908 mo·
1170 857 1173 864 '

142 947 258 1008 'raretur
277 957 421 1010 eventum.
464 950 580 1010 Rursus
603 949 779 1026 occurrebat,
792 952 903 1028 majora
925 945 1062 1027 periculis
1083 963 1154 1024 prae

145 1044 214 1102 mia:
235 1051 266 1102 ot
279 1045 356 1104 sieut
369 1044 491 1106 dubium
504 1051 582 1104 esset
595 1064 632 1104 en
644 1044 838 1119 vineamque
846 1043 922 1104 illud
932 1043 1034 1122 ntique
1044 1047 1155 1100 eertum

145 1157 216 1214 esse,
230 1139 350 1200 honeste
365 1146 474 1200 etcum
486 1142 591 1218 magna
604 1140 691 1200 laude
711 1141 891 1200 moriturum.
935 1139 1048 1218 Itaque,
1064 1136 1085 1166 ¹¹
1094 1153 1154 1194 cor·

144 1253 214 1311 pora
227 1235 337 1294 milites
350 1254 452 1296 curare
463 1236 562 1312 jussit,
573 1254 607 1294 ac
621 1235 724 1294 deiude
737 1235 828 1294 tertit
838 1235 940 1312 vigilia
953 1235 1112 1292 instrueres
1125 1235 1156 1290 et

144 1337 273 1388 armatos
288 1349 359 1388 esse.
403 1328 472 1406 Ipse
482 1330 518 1414 in,
525 1331 629 1407 jugum
643 1329 714 1387 editi
728 1329 836 1388 mentis
849 1329 988 1403 ascendit,
999 1329 1156 1406 multisque

145 1423 360 1484 eollucentibus
373 1422 486 1482 facibus
504 1423 600 1500 patrio
613 1441 693 1482 more
714 1423 885 1483 sacrificium
906 1423 972 1482 Diis
985 1423 1157 1500 praesidibus

146 1517 205 1576 loci
218 1516 296 1576 fecit.
339 1515 466 1595 Jamque
486 1517 615 1591 tertium,
636 1517 712 1578 sieut
730 1526 906 1596 preceptum
926 1525 998 1592 erat,
1014 1517 1157 1595 usignnm

59 1687 60 1690 Ἴ
146 1613 219 1673 tuba
232 1613 316 1672 miles
330 1619 489 1691 acceperat,
502 1613 601 1672 itineri
614 1614 702 1673 simul
715 1621 835 1692 paratus
849 1621 880 1674 et
892 1611 1008 1692 praelio:
1030 1619 1158 1672 strenue·

145 1729 203 1789 que
221 1709 297 1786 jussi
316 1709 481 1794 presedere,
499 1710 611 1769 oriente
635 1709 700 1769 lnee
724 1717 917 1788 pervenerunt
939 1709 977 1768 ad
999 1709 1158 1787 angrmtius,

146 1823 219 1884 quas
246 1824 384 1884 occupare
415 1805 612 1866 decreverant
665 1806 787 1866 Darium
818 1805 941 1884 triginta
967 1805 1035 1865 inde
1063 1805 1159 1864 stadia

146 1901 255 1975 abesse,
269 1901 413 1978 premissi
426 1901 602 1961 indicabant.
645 1901 727 1960 Tunc
741 1903 899 1962 consistere
914 1902 936 1934 ¹⁸
944 1921 1047 1981 agmen
1064 1901 1159 1978 jubet,

55 2012 66 2024 “
147 1995 290 2074 armisque
304 1997 366 2072 ipse
380 1998 504 2074 sumptis
518 1997 608 2056 aciem
622 1997 781 2056 ordinabat.

209 2095 256 2150 21.
278 2092 369 2150 Dario
380 2091 539 2150 adrentum
551 2092 679 2150 hostium
692 2091 792 2168 paridi
802 2098 932 2166 agrestes
942 2092 1159 2166 nunciaverunt,

147 2187 201 2248 vix
222 2185 354 2244 eredenti
374 2205 525 2244 oecurrere
547 2187 644 2258 etium,
658 2205 739 2263 quos,
752 2194 788 2243 nt
807 2187 962 2262 fugientes,
977 2186 1159 2263 sequebatur.

150 2282 233 2358 Ergo
243 2299 301 2338 non
311 2279 466 2338 mediocris
477 2279 606 2338 omnium
616 2279 725 2338 animos
732 2279 857 2338 formido
867 2280 1041 2340 incesseret:
1056 2280 1162 2359 quippe

149 2377 249 2436 itineri
260 2377 349 2454 quam
360 2374 461 2452 praelio
472 2375 597 2452 aptiores
609 2381 699 2449 erant,
712 2375 733 2404 ¹⁸
740 2375 902 2455 raptimque
912 2395 990 2436 arma
1000 2376 1160 2454 sepiebant

47 2501 49 2504 ·
65 2457 68 2462 “
150 2472 212 2534 Sed
227 2473 290 2550 ipsa
303 2471 452 2532 festinatio
464 2471 697 2545 discurrentium,
709 2491 833 2551 suosque
846 2472 884 2532 sd
898 2491 977 2532 arma
986 2473 1161 2548 vocantium,

147 2571 288 2645 majorem
301 2575 412 2628 metum
423 2567 530 2626 incussi
534 2574 553 2626 t.
597 2566 663 2626 Alii
676 2568 707 2626 in
718 2570 822 2646 jugum
835 2569 944 2628 montis
958 2577 1117 2642 evaserant,
1128 2574 1163 2626 ut

139 2663 277 2724 ¹hostium
291 2683 395 2742 agmen
408 2662 476 2721 inde
489 2662 705 2740 prospicerent:
725 2640 963 2743 equosplerique
983 2662 1161 2723 fraenabont:

150 2759 263 2818 discors
287 2758 441 2832 exercitus,
461 2777 514 2816 neo
539 2758 576 2818 ad
598 2760 718 2816 lllunum
743 2759 874 2818 intentus
898 2758 1060 2836 imperium,
1082 2758 1163 2818 vario

80 2843 93 2854 ’
150 2854 283 2914 tumultu
296 2861 400 2912 ounota
412 2853 591 2914 turbaverat.
635 2853 744 2913 Darius
758 2854 851 2928 initio,
862 2855 970 2914 montis
980 2856 1083 2934 jugum
1097 2873 1163 2914 oum

149 2957 236 3029 parte
250 2949 398 3025 copiarum
412 2968 551 3026 oeeupare
566 2949 678 3025 statuit,
690 2956 720 3008 et
734 2949 866 3024 afronte,
878 2957 936 3009 eta
949 2957 1031 3028 tergo
1046 2951 1162 3010 oireum·

150 3047 250 3104 iturns
269 3044 402 3102 hostem:
430 3043 480 3100 ¹⁸a
501 3044 575 3102 mari
595 3063 719 3122 quoque,
742 3064 799 3123 quo
820 3045 972 3106 dexterum
992 3049 1055 3124 ejus
1075 3065 1164 3106 cornu

150 3141 315 3220 tegebatur,
331 3139 404 3198 ulios
419 3137 594 3215 objecturus,
607 3145 642 3198 ut
654 3139 782 3218 undique
795 3149 920 3220 urgeret.
964 3142 1079 3202 Praeter
1092 3143 1163 3216 haec,

150 3237 261 3316 viginti
283 3235 377 3294 millia
398 3233 551 3313 praemissa
576 3253 640 3320 eum
665 3237 879 3315 sagittariorum
902 3230 997 3314 manu,
1023 3239 1165 3298 Pinarum

152 3352 277 3406 amnem,
291 3331 342 3410 qui
356 3330 414 3389 duo
428 3330 544 3410 agmina
563 3330 754 3408 interfluebat,
769 3333 902 3408 transire,
918 3343 947 3394 et
962 3335 1088 3411 objicere
1102 3351 1166 3390 sese

93 3470 99 3478 -
153 3427 350 3487 Macedonum
364 3427 456 3504 copiis
474 3429 610 3504 jusserat
653 3429 686 3489 Si
700 3429 734 3490 id
744 3437 884 3507 praestare
904 3450 963 3490 non
982 3435 1166 3506 possentne

70 3558 73 3562 ›
155 3523 305 3584 troeedere
329 3523 359 3580 in
382 3530 505 3598 mentes,
528 3531 558 3582 et
577 3525 690 3584 oceultd
715 3525 867 3594 circumire
886 3525 1006 3583 ultimos
1030 3523 1165 3583 bostium.

156 3618 308 3680 Caeterum
323 3607 497 3678 ¹'destinata
507 3619 672 3696 salubriter,
684 3622 762 3680 omni
771 3622 885 3680 ratione
895 3618 1041 3695 potentior
1051 3619 1169 3681 fortuna

156 3715 315 3774 discussit:
337 3715 443 3793 quippe
457 3715 508 3774 alii
521 3737 582 3794 prae
601 3725 683 3777 metu
702 3716 856 3794 imperium
879 3715 983 3794 exequi
1003 3735 1061 3778 non
1083 3717 1169 3777 uude-
