2642 4386
200 371 282 450 ‘tta
570 401 712 456 oururr
738 401 880 444 courir

222 541 372 604 auxilium.
415 539 491 602 Haeo
517 541 614 600 omnia
637 541 694 600 sita
721 548 790 602 sunt
815 539 847 600 iu
873 539 961 600 editis
988 537 1126 614 collibus,
1157 539 1243 600 ‘tura

221 637 303 700 velut
316 637 400 696 fraeni
415 637 588 696 domitarum
602 638 750 716 gentium
772 655 849 696 nuno
857 636 977 714 originis
988 653 1051 695 suoe
1065 635 1170 696 oblita
1189 655 1246 695 ser·

221 734 306 792 aiunt
318 732 425 811 quibus
439 731 661 810 imperaverunt.

284 827 343 886 XI.
366 829 413 888 39.
435 825 479 886 Et
501 833 607 886 emtore
628 825 744 905 quidem
766 831 918 903 paoaverat
945 824 1021 884 Rex.
1079 825 1157 886 Una
1186 833 1247 884 arat

223 922 323 996 Petra,
338 941 424 1002 qnam
438 922 589 980 Arimazes
604 921 768 998 Sogdianus
782 939 850 980 oum
863 919 985 999 triginta
997 919 1138 980 millibus
1155 941 1246 979 arme-

221 1023 319 1075 torum
332 1015 490 1088 obtinebat,
506 1014 653 1076 alimentis
678 1015 746 1076 ante
768 1015 922 1093 congestis,
934 1034 1001 1094 quae
1024 1022 1122 1075 tantae
1145 1016 1245 1074 111111-

221 1110 318 1170 tudini
331 1110 378 1170 vel
401 1129 453 1188 per
466 1110 616 1170 biennium
630 1117 823 1188 suppeterent.
868 1110 959 1170 Petra
973 1112 981 1140 ²
993 1110 1025 1168 in
1046 1110 1244 1170 altitudinem

221 1205 344 1284 triginta
357 1207 465 1264 eminet
487 1204 591 1279 stadia,
607 1206 731 1266 oironitu
753 1212 869 1264 eentum
882 1212 912 1264 et
929 1205 1150 1284 quinquaginta
1171 1225 1243 1264 eom·

221 1299 369 1379 pleotitur.
411 1299 550 1378 Undique
579 1300 707 1360 absoisse
732 1307 762 1358 et
784 1299 909 1376 abrupta
931 1299 1037 1358 semita
1057 1303 1242 1380 perangusti

222 1395 329 1456 aditur.
372 1395 410 1456 In
424 1396 519 1456 medio
533 1395 698 1454 altitudinis
721 1395 815 1472 spatio
835 1394 925 1454 habet
946 1413 1071 1472 speoum,
1088 1397 1182 1472 enjus
1195 1395 1242 1454 'or

222 1501 333 1552 aratum
347 1498 378 1550 et
398 1491 553 1552 obscurum
575 1497 637 1566 est;
659 1490 803 1568 paulatim
826 1489 933 1548 deinde
952 1490 1098 1548 ulteriora
1111 1491 1241 1569 paudun·
1296 1521 1297 1530 ¹

222 1593 279 1644 tur.
321 1585 437 1646 Ultima
458 1585 546 1644 etiam
568 1585 645 1644 altos
664 1603 794 1644 reeeseus
816 1583 943 1644 habent:
964 1584 1061 1644 fontes
1074 1605 1131 1662 per
1146 1593 1240 1645 tetum

221 1681 283 1738 iere
311 1698 428 1756 speourn
460 1687 593 1755 manant;
631 1700 646 1738 e
673 1681 779 1760 quibus
806 1679 921 1739 oollatae
948 1699 1032 1759 aquae
1064 1699 1122 1758 per
1150 1701 1240 1760 prona

222 1775 328 1832 montis
343 1775 450 1832 flumen
473 1774 619 1832 emittunt.
662 1775 738 1850 Rex,
753 1775 810 1834 looi
833 1775 1004 1834 diffioultate
1024 1781 1174 1853 apostata,
1188 1785 1239 1836 stu·

222 1875 319 1926 tuerat
343 1867 409 1925 inde
433 1869 532 1927 obire:
564 1869 669 1946 eupido
695 1869 800 1929 deinde
825 1871 945 1930 inoeeeit
971 1871 1077 1946 animo,
1102 1879 1238 1932 naturam

221 1983 335 2042 qnoque
359 1963 510 2042 fatigandi.
553 1963 645 2022 Prius
668 1972 766 2024 tamen
788 1966 877 2044 quam
900 1965 1048 2024 fortunam
1075 1965 1237 2026 obsidionis
1296 1977 1297 1980 ’

223 2059 417 2136 experiretur,¹
429 2058 549 2137 (lophan
564 2059 718 2136 (Artabani
742 2060 789 2118 hio
812 2060 890 2120 filius
915 2063 989 2138 erat)
1004 2061 1087 2119 misit
1108 2062 1148 2121 ad
1171 2062 1237 2122 Bar-

222 2155 316 2231 baros,
343 2155 395 2234 qni
427 2155 562 2216 suaderet
591 2161 626 2214 ut
655 2155 796 2214 dederent
816 2175 924 2234 rupem.
980 2157 1144 2233 Arimazes,
1177 2159 1237 2218 loeo

222 2251 323 2325 fretus,
339 2251 463 2328 superbe
477 2251 571 2329 multa
583 2250 742 2327 respondit.
785 2251 836 2310 Ad
856 2251 1001 2326 ultimum,
1016 2271 1053 2310 an
1066 2253 1237 2314 Alexander

224 2346 319 2408 volare
337 2346 439 2424 possit,
453 2347 623 2430 interrogat.
666 2344 749 2419 Qum,
763 2346 900 2404 nuntiata
914 2346 999 2425 Regi,
1015 2347 1058 2406 sio
1077 2351 1237 2410 aoeendera

222 2441 358 2513 animum,
372 2448 407 2498 ut
421 2439 561 2500 adhibitis
575 2459 641 2500 ourn
662 2441 769 2519 quibus
792 2441 955 2500 oonsultare
980 2449 1044 2500 erat
1058 2443 1178 2520 solitus,
1199 2447 1234 2506 in·

222 2535 333 2592 dioaret
346 2533 529 2592 insolentiam
543 2534 669 2595 Barbari
688 2535 868 2594 illudentie'
860 2553 947 2614 ipsos,
962 2537 1032 2616 quia
1052 2538 1160 2615 pinnas
1181 2561 1236 2599 non

223 2627 368 2688 haberent
411 2628 450 2688 Se
471 2636 569 2688 antem
590 2629 724 2706 proximt
738 2638 826 2694 noete
846 2632 1027 2707 effeeturum,
1041 2641 1078 2691 ut
1091 2636 1234 2738 erederet,

225 2723 397 2784 Macedonas
424 2723 511 2782 etiam
538 2723 645 2783 volare.
675 2725 888 2802 ‘¹³‘Treoentos‚
918 2728 1021 2806 inquit,
1048 2698 1236 2808 '“peinioie

222 2821 310 2880 simos
327 2821 449 2898 juvenes
472 2837 508 2878 ex
531 2819 592 2879 suis
613 2820 736 2900 quisque
765 2822 854 2900 oopiis
874 2822 1026 2900 perduoite
1049 2824 1088 2882 ad
1112 2843 1168 2900 me,
1188 2827 1235 2907 qui

221 2934 272 2992 per
299 2915 396 2990 ealles,
422 2921 453 2976 et
478 2916 552 2994 peuri
580 2915 674 2975 invias
699 2933 795 2994 rupes,
819 2917 899 2975 domi
925 2935 1031 2995 peoora
1058 2937 1147 2997 agera
1174 2939 1235 2980 oon·
1293 2923 1294 2934 ’

223 3012 396 3070 sueverint.‘’

282 3106 327 3162 40.
351 3103 403 3164 Illi
426 3112 599 3182 praestantes
622 3112 653 3164 et
674 3105 795 3166 levitate
818 3123 971 3185 eorporum
992 3113 1024 3167 et
1047 3107 1154 3170 ardore
1179 3112 1234 3170 ani-

221 3219 342 3276 morum,
355 3202 472 3259 strenue
495 3201 662 3278 adduount3
685 3221 756 3281 quos
779 3203 894 3263 intuens
915 3203 991 3278 Rex,
1016 3207 1033 3240 “
1046 3203 1234 3278 Vobiaoum‚'’

221 3295 323 3374 inquit,
339 3294 392 3357 “0
415 3297 545 3372 juvenes,
560 3305 591 3356 et
603 3298 661 3356 mei
682 3299 818 3377 aequales,
839 3299 957 3360 urbium
977 3299 1155 3359 inviotarnm
1167 3303 1232 3360 1111

220 3392 399 3450 munimenta
426 3392 578 3469 superavi:
613 3394 754 3452 montium
777 3396 858 3476 ¹juga
890 3395 1010 3473 perenni
1036 3395 1104 3456 nive
1132 3396 1234 3456 orna

221 3506 353 3548 emensus
376 3505 458 3546 sum:
480 3487 629 3564 angustias
655 3487 767 3550 Oilioiae
788 3491 915 3550 intravi:
947 3489 1043 3550 India
1067 3490 1133 3550 aine
1155 3491 1232 3550 lami·
1292 3547 1293 3569 ,

219 3583 322 3642 tudine
349 3582 410 3644 vim
434 3582 554 3662 frigoris
581 3601 645 3644 sum
670 3603 833 3664 perpessus.
891 3585 933 3644 Et
959 3586 1039 3644 ‘met
1062 3585 1232 3646 dooumeuta

219 3679 303 3738 vobis
330 3679 406 3757 dedi,
433 3687 464 3738 et
489 3683 583 3740 vestri
611 3680 710 3741 habeo.
765 3681 862 3757 Petra,
889 3701 977 3760 qnam
1000 3681 1117 3756 videtis,
1146 3701 1230 3740 unum
1291 3691 1292 3742 l

218 3773 332 3832 aditum
366 3773 463 3848 habet,
491 3793 577 3853 quem
608 3775 731 3834 Barbari
757 3776 902 3850 obsident,
936 3783 1044 3836 oaetera
1070 3776 1228 3855 negligunt
1291 3765 1292 3834 1

220 3865 320 3926 Nullae
332 3869 441 3947 vigilia
464 3877 542 3944 sunt,
557 3869 614 3927 nisi
635 3889 701 3949 quea
722 3877 818 3930 eastra
840 3879 941 3932 nostro
962 3877 1102 3948 speotent
1147 3871 1228 3934 Iuve-
1291 3853 1292 3919 1
