2600 4394
152 309 188 368 12
499 325 641 378 oururr
667 327 808 370 cuanrr

146 483 204 542 que
218 467 324 524 ourrtis
336 463 416 524 latus
430 462 550 524 deornm
565 465 719 526 simulacra
729 487 767 527 ex
777 488 847 528 auro
859 477 1034 550 argentoque
1048 493 1160 552 expres·

146 577 179 616 sa
193 558 383 617 decorabant:
405 559 623 637 distinguebant
644 562 846 622 internitentes
859 585 981 642 gemmae
996 569 1109 646 jugum,
1125 590 1160 630 ex

145 672 203 731 quo
218 653 382 713 eminebant
396 654 453 712 duo
467 673 556 714 aurea
570 656 591 684 ¹⁸
600 656 755 716 similante
775 658 929 736 cubitalia3
951 681 1074 739 quorum
1089 665 1158 724 altc-

145 767 210 806 rnm
225 747 306 824 Nini,
321 747 446 806 alterum
461 747 529 808 Beli
548 751 670 828 gerebat
690 752 820 831 effigiem.
863 753 947 814 Inter
959 755 1022 816 haec
1042 778 1157 818 auream

147 843 283 922 aquilam,
300 844 320 874 ¹⁰
330 843 433 921 pinnas
447 845 616 904 extendenti
630 846 764 921 similem,
779 857 970 910 sacraverant.

203 944 230 996 8.
254 937 359 998 (lultus
381 938 474 1016 Regis
495 939 571 998 inter
585 941 680 1000 omnia
704 941 822 1000 luxuria
842 944 1006 1004 notabatur.
1050 947 1156 1007 ’'Pur-

143 1049 243 1108 pureae
257 1033 363 1092 tunicae
382 1033 510 1092 medium
525 1034 590 1093 albo
604 1035 749 1094 intextum
771 1045 842 1095 erat.
885 1037 1001 1098 Pallam
1016 1061 1084 1099 auro
1100 1043 1156 1100 dis-

142 1127 264 1186 tinctam
293 1129 375 1188 aurei
402 1129 563 1206 accipitres,
588 1131 669 1189 velut
696 1132 800 1190 rostris
826 1133 901 1192 inter
922 1154 953 1194 se
978 1144 1154 1212 corruerent,

142 1223 339 1284 adornabant:
362 1231 393 1283 et
406 1227 477 1282 aona
499 1228 588 1285 aureh
607 1226 787 1286 muliebriter
802 1228 915 1288 cinctus
936 1231 1081 1293 acinacem
1096 1251 1153 1291 sus·

141 1317 290 1396 penderat,
312 1319 360 1379 cui
380 1320 401 1349 ²¹
411 1339 448 1378 ex
467 1323 583 1398 gemmt
607 1329 670 1380 erat
689 1323 799 1400 vagina.
843 1323 864 1352 ²²
882 1325 1034 1402 Cydarc'm
1055 1327 1155 1386 Persae

139 1414 252 1493 regium
265 1415 370 1493 capitis
384 1415 528 1476 vocabant
548 1417 678 1495 insigne:
700 1418 754 1477 hoc
769 1418 893 1478 caerulea
906 1421 997 1480 fascia
1017 1421 1082 1480 albo
1097 1423 1154 1480 dis·

140 1507 235 1567 tincta
249 1510 426 1571 circumibat.
471 1510 597 1571 Currum
619 1513 719 1572 decem
740 1513 834 1572 millia
851 1514 1030 1574 hastatorum
1055 1536 1153 1595 seque·

139 1601 262 1678 bantur,
285 1604 383 1662 bastae
397 1613 516 1681 argento
531 1615 694 1679 exornatas,
710 1608 821 1683 spicula
842 1629 912 1666 auro
925 1612 1045 1686 praefixa
1058 1621 1152 1689 gesta-

138 1695 218 1757 bant.
259 1696 374 1755 Dextrt
388 1698 519 1776 laevdquc
533 1699 646 1777 Regem
660 1701 777 1758 ducenti
794 1701 886 1760 ferme
904 1703 1078 1761 nobilissimi
1090 1725 1154 1782 pro·

137 1791 311 1869 pinquorurn
325 1791 554 1878 comitabantur.
589 1794 703 1852 Horum
714 1814 816 1873 agmen
830 1795 1018 1856 claudebatur
1033 1797 1154 1876 triginta

138 1886 270 1946 millibus
283 1887 423 1965 peditum,
437 1908 510 1967 quos
525 1889 592 1966 equi
609 1889 701 1966 Regis
721 1889 925 1968 quadringenti
946 1893 1151 1970 sequebantur.

138 1979 299 2041 Intervallo
324 1982 438 2056 deinde,
462 1984 549 2041 unius
576 1983 673 2058 stadii,
700 1992 823 2042 matrem
848 1985 932 2044 Darii
958 1986 1152 2066 Sysigambim

137 2095 238 2136 currus
261 2078 392 2153 vehebat,
415 2085 445 2137 et
469 2078 499 2136 in
523 2078 580 2138 alio
605 2086 667 2138 erat
691 2082 804 2157 conjux.
830 2079 948 2141 JTurba
971 2083 1151 2142 foeminarum
1185 2145 1188 2154 ,
1298 2069 1299 2138 l

137 2173 266 2253 Reginus
281 2174 479 2232 comitantium
491 2175 573 2253 equis
584 2175 762 2235 vectabatur.
806 2175 978 2247 Quindecim
990 2178 1067 2252 inde,
1079 2199 1151 2258 quas

136 2269 365 2328 ’'armumaucs
389 2267 545 2348 appellant,
571 2271 773 2350 sequebantur.
825 2271 863 2331 In
887 2273 932 2332 bis
958 2281 1041 2332 erant
1065 2274 1151 2334 liberi

136 2364 238 2443 Regis,
254 2373 283 2424 et
304 2366 356 2444 qni
377 2363 539 2426 educabant
560 2385 618 2441 eos,
636 2367 852 2446 spadonumque
874 2389 955 2447 grex,
978 2369 1058 2426 haud
1080 2371 1150 2428 sanc

135 2458 195 2517 illis
215 2459 352 2538 gentibus
366 2460 441 2518 vilis.
486 2460 561 2518 Tum
583 2463 673 2540 regiae
693 2462 813 2538 pellices
835 2469 975 2520 trecentae
998 2463 1151 2540 sexaginta

134 2553 321 2630 vehebantur,
336 2562 366 2612 et
387 2555 459 2633 ipsae
479 2556 571 2634 regali
591 2556 683 2630 cultu,
698 2563 875 2634 ornatuque:
900 2563 967 2632 post
981 2576 1054 2633 quas
1067 2576 1150 2634 pecu-

134 2649 212 2706 niam
229 2647 329 2726 Regis,
344 2651 475 2709 sexcenti
498 2651 579 2726 muli,
593 2658 623 2708 ct
636 2650 760 2708 trecenti
781 2649 883 2708 cameli
897 2649 1057 2727 vehebant,
1079 2671 1149 2728 prae-
1169 2697 1171 2702 ,

135 2742 210 2802 sidio
238 2744 454 2822 sagittariorum
481 2751 682 2824 prosequente.
725 2744 960 2822 Propinquorum
982 2746 1149 2806 amicorum·

133 2858 190 2918 que
211 2842 348 2919 conjuges
368 2840 436 2899 huic
455 2840 563 2920 agmini
583 2840 733 2918 proximae,
748 2839 770 2869 ²⁴
779 2840 959 2918 lixarumque
973 2847 1003 2899 et
1017 2841 1149 2900 calonum

133 2953 234 3012 greges
248 2935 435 2996 vehebantur.
479 2936 586 2996 Ultimi
607 2942 769 2994 erantcum
791 2935 853 2995 suis
873 2936 996 3015 quisuue
1017 2937 1148 3012 ducibus,
1220 2983 1222 2988 .
1290 2960 1295 2974 ·

134 3030 185 3108 qni
209 3037 345 3110 cogerent
368 3050 480 3108 agmen,
502 3030 608 3090 leviter
632 3031 744 3089 armati.
789 3029 899 3092 Contra
924 3031 948 3090 si
970 3031 1037 3110 quis
1058 3031 1149 3090 aciem
1208 3109 1209 3114 η

135 3123 328 3184 Macedonum
351 3126 524 3200 intueretur,
541 3125 640 3204 dispar
663 3127 739 3186 acies
761 3132 825 3185 erat
845 3126 928 3206 equis
943 3125 1071 3205 virisque
1091 3146 1149 3185 ncn
1211 3117 1214 3122 ’

135 3241 214 3294 auro,
236 3241 292 3280 non
319 3221 454 3280 discolori
474 3228 565 3298 veste,
586 3221 639 3292 sed
661 3223 739 3282 ferro
764 3229 854 3301 atquc
876 3241 933 3281 mre
957 3221 1147 3302 fulgentibus.
1210 3296 1214 3300 .
1264 3287 1267 3294 ,

136 3316 252 3393 Agmen
272 3323 302 3374 et
324 3323 402 3375 stare
424 3325 566 3394 paratum,
582 3325 612 3376 et
628 3317 718 3396 sequi,
734 3318 818 3378 '‘ucc
841 3317 938 3392 turbt,
953 3337 1006 3376 nec
1029 3317 1149 3377 sarcinis

135 3429 295 3490 praegrave,
310 3411 454 3470 intentum
468 3413 505 3472 ad
519 3413 602 3472 ducis
616 3432 674 3472 non
688 3414 803 3492 signum
822 3412 917 3487 modo,
932 3412 984 3472 scd
998 3413 1085 3471 etium
1099 3425 1150 3470 nn·-
1231 3407 1236 3418 '

136 3513 205 3564 turn.
250 3505 293 3565 Et
306 3507 409 3565 castris
429 3507 520 3583 locus,
535 3515 566 3567 et
586 3509 727 3567 exercitui
748 3515 925 3567 commeatus
946 3507 1146 3586 suppetebant.

136 3600 217 3679 Ilrgo
233 3601 403 3661 Alexandro
417 3603 448 3662 in
462 3604 522 3664 acie
537 3604 622 3662 miles
636 3623 694 3663 non
708 3603 811 3662 deluit.
854 3601 963 3661 Darius
978 3611 1075 3662 autem
1089 3609 1150 3658 tan·

135 3703 175 3754 tae
188 3695 387 3756 multitudinis
403 3698 479 3773 Rex,
493 3698 560 3773 loci,
571 3699 602 3756 in
616 3719 672 3777 qno
687 3699 837 3776 pugnavit,
849 3698 1002 3776 angustiis,
1014 3695 1150 3756 redactus

136 3798 182 3851 cst
197 3792 234 3851 ad
248 3794 433 3870 paucitatem,
448 3815 535 3874 quam
548 3795 579 3852 in
592 3795 676 3854 hoste
692 3801 913 3871 contempserat.
