2520 4390
172 385 228 444 140
515 401 659 448 currus
684 400 823 440 cuarn

167 541 206 601 ad
230 539 376 618 Dymnum
402 539 540 618 pertinet,
561 539 637 598 nihil
666 539 742 616 scio;
773 545 803 596 ot
829 535 890 598 haec
918 537 1080 612 confossus,
1106 537 1198 599 intel·

167 633 226 714 ligo
238 652 296 694 non
309 633 442 712 prodesse
452 634 526 694 mihi
538 635 616 714 qudd
628 634 753 712 proximi
766 633 882 694 sceleris
896 651 999 710 expers
1010 635 1110 694 aum.”

228 731 275 787 33.
296 727 358 804 Illi,
372 730 475 788 rursus
488 727 639 788 tormentis
653 727 786 802 admotis,
800 729 868 786 edm
881 726 953 804 ipsis
963 746 1083 806 quoque
1097 727 1196 787 hastis

167 839 200 880 os
222 823 374 902 oculosque
396 825 459 901 ejus
482 823 720 897 '’everberarent,
742 826 918 900 expressere,
940 829 975 880 ut
996 822 1054 880 hoc
1078 842 1196 902 quoquc
1244 831 1245 896 t

167 916 276 977 crimen
295 919 482 978 confiteretur.
524 917 718 996 Exigentibus
739 916 853 992 deinde,
866 923 900 976 ut
914 917 1044 976 ordinem
1068 917 1196 996 cogitati

168 1011 285 1070 sceleris
309 1018 473 1088 exponeret,
495 1015 590 1070 “cum
604 1011 657 1070 did
679 1011 789 1071 Bactra
811 1018 959 1070 retentura
979 1011 1102 1090 Regem
1116 1013 1193 1072 vido·

167 1112 277 1179 rentur,
287 1105 448 1180 timuisse,''
461 1105 618 1183 respondit,
634 1110 651 1141 ‘²
659 1126 696 1166 ne
703 1113 785 1184 pater
798 1106 979 1184 septuaginta
988 1119 1081 1165 natus
1091 1126 1192 1180 annos,

167 1200 242 1258 tanti
254 1199 400 1259 exercitus
414 1201 483 1277 dux,
497 1207 586 1261 tanta
599 1201 727 1279 pecuniae
745 1207 853 1275 custos,
867 1200 984 1260 interim
1003 1201 1191 1280 extinguere

168 1299 226 1367 tur,
239 1291 351 1372 ipsique
364 1294 485 1372 spoliato
500 1296 589 1354 tantis
602 1295 721 1370 viribus,
735 1293 882 1354 occidendi
890 1293 981 1372 Regis
994 1293 1015 1322 ’⁰
1029 1313 1127 1354 cansa
1138 1315 1192 1353 non

168 1394 254 1448 esset.
276 1387 443 1448 Festinasse
457 1391 525 1469 ergd
540 1409 580 1465 so,
596 1389 667 1448 duim
678 1389 829 1466 praemium
848 1389 968 1449 haberet
988 1388 1020 1446 iu
1042 1390 1189 1462 manibus,

171 1489 378 1560 repraesentare
392 1483 551 1559 consilium,
566 1486 649 1561 cujus
662 1489 773 1561 patrem
785 1489 932 1560 expertem
944 1481 1036 1540 fuisse
1057 1483 1122 1543 nisi
1135 1503 1189 1542 cre

168 1575 276 1652 dorent,
299 1583 451 1654 tormenta,
472 1598 635 1657 quanquam
655 1577 778 1638 tolerare
798 1597 856 1636 non
876 1583 981 1654 posset,
1000 1583 1106 1636 tamen
1136 1599 1190 1636 non

167 1671 324 1729 recusare.”
365 1671 417 1729 Illi
431 1671 576 1748 collocuti,
591 1673 663 1732 satis
675 1671 827 1750 quaesitum
840 1671 942 1746 videri,
955 1671 993 1729 ad
1013 1671 1137 1750 Regem
1149 1693 1188 1730 re

168 1770 327 1824 vertuntur.
370 1763 437 1840 Qui,
451 1773 566 1842 postero
580 1766 635 1842 die,
650 1773 679 1824 et
699 1787 765 1845 qnae
786 1766 931 1826 confessus
951 1772 1015 1824 erat
1039 1765 1187 1840 Philotas,

168 1859 302 1936 recitari;
324 1866 354 1918 ct
377 1860 479 1937 ipsum,
499 1860 567 1938 quia
580 1859 725 1939 ”ingredi
746 1880 803 1919 non
825 1867 947 1938 poterat,
966 1859 1058 1936 jussit
1078 1863 1186 1920 afferri

171 1953 277 2015 Omnia
290 1961 458 2034 agnoscente
472 1973 514 2030 eo,
528 1954 702 2031 Demetrius,
716 1955 767 2034 qui
777 1955 902 2032 proximi
913 1953 1029 2014 sceleris
1039 1957 1187 2034 particeps

169 2066 232 2108 esse
246 2049 428 2128 arguebatur,
442 2048 628 2126 producitur:
642 2049 737 2108 multa
747 2049 941 2124 affirmatione,
952 2048 1101 2128 animique
1111 2051 1186 2128 pari·

169 2148 213 2202 ter
236 2145 405 2219 constantia,
430 2150 460 2202 et
482 2144 584 2204 vultus
606 2144 740 2219 abnuens,
764 2143 919 2222 quidquam
941 2142 998 2204 sibi
1016 2143 1048 2200 in
1072 2143 1185 2224 Regem

169 2239 325 2318 cogitatum
336 2258 408 2315 esse,
419 2245 563 2298 tormenta
573 2238 660 2297 etiam
672 2237 844 2316 deposcebat
850 2237 881 2294 in
892 2236 1087 2314 semetipsum.
1110 2237 1184 2296 Tum

169 2331 313 2406 Philotas,
322 2331 496 2392 circumlatis
509 2332 608 2408 oculis,
622 2333 642 2361 ²²
652 2331 781 2390 incidens
791 2332 822 2390 in
837 2330 932 2392 Galim
941 2330 1096 2409 quemdam
1106 2331 1184 2390 haud

168 2426 267 2503 procul
280 2433 412 2500 stantem,
426 2427 547 2502 propias
560 2445 625 2484 eum
641 2427 731 2506 jussit
743 2426 884 2486 accedere.
925 2425 984 2484 Illo
1002 2425 1182 2502 perturbato,

169 2525 199 2576 et
211 2524 361 2576 recusante
375 2518 498 2576 transire
510 2519 548 2576 ad
568 2538 643 2592 eum,
658 2523 675 2553 “
687 2519 841 2596 Patieris,’'
855 2520 958 2600 inquit,
974 2518 1182 2578 “Demetrium

168 2611 295 2686 mentiri,
317 2615 471 2690 rursusque
497 2630 543 2670 me
570 2613 777 2674 excruciari?”
819 2613 905 2676 (ialin
927 2633 984 2674 vox
1009 2615 1181 2694 sanguisque

169 2705 340 2783 defecerant,
364 2712 395 2765 et
416 2705 587 2766 Macedones
610 2707 757 2769 Philotam
778 2709 928 2788 inquinare
952 2708 1086 2770 innoxios
1108 2711 1181 2768 velle

169 2803 401 2882 auspicabantur;
430 2802 571 2882 quicnec
592 2822 610 2861 a
631 2801 817 2880 Nicomacho,
838 2803 946 2864 neceb
968 2803 1030 2881 ipso
1051 2803 1179 2880 Philota,
1244 2819 1245 2842 ι

168 2901 236 2957 crim
249 2907 439 2978 torqueretur,
453 2898 616 2960 nominatus
636 2905 711 2958 esset
730 2897 912 2958 adolescens:
932 2898 983 2977 qui
1003 2905 1037 2956 ut
1059 2899 1180 2960 Praefeo

168 3001 215 3052 tos
228 2993 319 3072 Regis
333 2995 550 3054 circumstantes
577 3014 607 3054 se
620 2993 704 3070 uidit,
718 2993 897 3053 Demetrium
909 3001 939 3052 et
952 2995 1137 3072 semetipsum
1150 2995 1180 3054 id

169 3086 279 3144 facinus
302 3087 443 3166 cogitasse
468 3090 615 3150 confessus
639 3095 691 3148 est.
734 3087 842 3149 Omnes
869 3087 937 3168 ergd
960 3108 978 3146 a
1005 3087 1178 3149 Nicomacho

168 3179 335 3255 nominatos,
357 3199 436 3240 more
453 3183 558 3259 patrio,
573 3184 641 3244 dato
662 3182 751 3262 signo,
766 3183 845 3242 saxis
865 3182 1030 3243 obruerunt.
1073 3185 1177 3265 Magno

168 3295 226 3336 non
245 3275 330 3334 modd
352 3275 463 3350 salutis,
485 3278 644 3336 sedetiam
666 3278 785 3338 invidias
807 3278 936 3356 periculo
955 3279 1097 3338 liberatus
1119 3289 1177 3340 erat

169 3369 342 3432 Menander.
384 3367 498 3448 Quippe
509 3372 662 3432 Parmenio
682 3379 712 3432 et
731 3372 875 3448 Philotas,
887 3373 1032 3452 principes
1045 3375 1176 3435 ‘’amicc

168 3487 241 3543 rum,
255 3465 312 3525 nisi
324 3464 420 3544 paldm
433 3471 537 3540 sontes,
551 3467 614 3525 sine
627 3464 824 3548 indignatione
844 3469 936 3528 totius
956 3469 1104 3528 exercitius
1123 3489 1176 3528 non

168 3563 329 3639 potuissent
358 3559 495 3620 damnari.
545 3559 565 3588 ’⁴
575 3561 680 3639 Itaque
706 3581 808 3640 anceps
837 3563 956 3642 quaestio
988 3564 1053 3624 fuit.
1104 3563 1175 3624 Dim

170 3655 312 3716 inficiatus
326 3663 371 3716 est
391 3655 513 3731 facinus,
527 3655 682 3716 crudeliter
703 3657 830 3735 torqueri
842 3657 1010 3718 videbatur:
1031 3665 1098 3737 post
1117 3679 1175 3718 con·

170 3749 327 3825 fossionem,
342 3751 475 3810 Philotas
487 3769 523 3810 ne
536 3751 694 3810 amicorum
703 3751 818 3830 quidem
828 3751 1055 3812 misericordiam
1064 3755 1174 3815 meruit
