2520 4390
199 377 239 438 ⁷6
547 389 687 442 eureus
714 389 856 434 nunnus

197 531 299 610 utique
321 535 476 608 postquem
498 527 716 608 surige-Darii,
730 527 782 606 qui
798 533 866 588 ente
888 527 984 606 ipsum
1005 526 1113 588 sedens
1128 546 1217 610 equos

197 625 325 704 regebat,
341 625 425 684 haste
439 625 594 684 transfixus
608 630 660 684 est.
704 623 733 682 N
736 643 768 682 eo
782 630 834 682 eut
848 622 957 697 Persee,
972 628 1024 680 eut
1038 622 1218 687 Macedones

196 719 375 794 dubitavere,
409 719 480 798 quin
507 719 569 796 ipse
597 718 665 778 Rex
691 724 769 777 esset
801 717 921 776 oeeieue.
978 716 1113 793 Lugubri
1150 721 1218 798 ergo

195 813 320 890 ululatu,
336 820 367 874 et
379 813 526 880 incondito
541 813 675 886 elamore,
689 812 863 891 gemituque,
878 817 969 870 totem
983 811 1045 868 ferd
1060 812 1160 870 eeiem
1174 813 1218 871 ad·

195 909 251 968 bne
279 927 362 988 aeqno
390 909 487 968 Marte
514 907 714 985 pugnantium,
743 906 897 966 turbavere
924 906 1039 984 eognati
1069 905 1163 966 Darii
1191 915 1219 966 et

195 1003 348 1081 ermigeri:
382 1001 541 1080 ”laevoque
572 1019 661 1062 oornn
688 1001 719 1060 in
753 1001 852 1079 fugam
886 1000 986 1073 effuso,
1015 999 1216 1060 destituerent

196 1115 322 1170 eurtum,
336 1115 423 1175 quem
436 1115 454 1153 e
468 1095 574 1154 dextre
597 1102 680 1172 parte
701 1095 803 1173 stipeti
825 1094 856 1152 in
877 1093 1005 1154 medium
1019 1111 1127 1171 eguren
1143 1115 1216 1154 rene

195 1197 311 1270 petunt,
354 1189 480 1265 Dicitur,
503 1190 619 1248 aoinaoe
643 1189 755 1263 etrioto,
770 1188 878 1248 Darius
902 1187 1062 1260 dubitbsse,
1078 1207 1117 1246 en
1141 1190 1217 1268 fuge

197 1286 323 1346 dedeeue
345 1286 468 1346 honeste
491 1293 583 1344 morte
602 1285 719 1345 vitaret.
761 1283 782 1312 ²⁶
792 1283 852 1344 Sed
875 1283 1004 1342 eminens
1028 1301 1128 1356 ourrn,
1152 1303 1215 1343 non·

198 1381 271 1442 dum
298 1401 411 1442 omnem
438 1399 555 1440 suornm
582 1381 672 1441 aciem
704 1378 807 1456 praelio
834 1377 1022 1437 excedentem
1048 1376 1214 1440 destituere

195 1478 391 1538 erubeeoebet.
447 1476 528 1536 Dum
555 1475 632 1534 inter
659 1493 740 1551 spem
766 1480 797 1532 et
829 1472 1059 1549 desperationem
1087 1472 1214 1550 hanins,

195 1577 303 1632 eenntm
325 1572 426 1630 Persae
449 1570 598 1646 dedebent,
620 1576 650 1628 et
673 1569 842 1628 laxaverunt
863 1567 988 1628 ordines.
1030 1567 1212 1642 Alexander,
1256 1587 1257 1594 ¹

194 1673 308 1724 mutato
322 1683 404 1742 equo,
420 1664 539 1742 (quippe
554 1664 652 1740 plures
666 1664 861 1742 infigerent)
875 1661 1076 1722 resistentium
1090 1663 1213 1723 adversa

195 1777 247 1818 ora
272 1757 410 1833 fodiebat,
437 1758 612 1835 fugientium
639 1763 728 1835 terga
786 1757 914 1836 Jamque
939 1775 998 1819 non
1023 1775 1134 1835 pugna,
1164 1758 1212 1818 eed

196 1853 289 1912 enodes
303 1859 375 1926 eret,
389 1853 457 1912 enm
473 1852 579 1910 Darius
593 1871 708 1931 quoque
722 1872 841 1912 eurtum
856 1871 941 1914 enum
955 1851 986 1910 iu
999 1852 1098 1928 fugem
1112 1854 1209 1912 vertit

196 1949 218 1978 ²⁸
231 1947 373 2008 Haerebat
385 1947 416 2006 iu
430 1947 519 2025 tergis
540 1948 714 2026 fugientium
728 1948 831 2022 vietor,
846 1947 897 2007 sed
917 1953 1104 2024 prospeotum
1119 1949 1210 2007 oeule
1256 1961 1257 1972 ¹

196 2063 261 2104 rum
289 2042 380 2103 nubes
406 2043 545 2122 pulveris,
569 2062 635 2121 quae
662 2043 699 2100 ad
726 2043 832 2102 eoelum
859 2042 1017 2116 ferebatur,
1037 2041 1209 2105 abstulerat

198 2137 280 2218 Ergo
307 2137 386 2198 bend
421 2140 506 2198 sende
529 2139 617 2218 quem
642 2137 672 2196 in
700 2137 828 2198 tenebris
852 2137 996 2210 emebant,
1021 2135 1058 2194 ed
1082 2138 1209 2198 sonitum

194 2243 272 2296 netae
295 2233 384 2312 noeis,
407 2241 442 2294 ut
463 2233 587 2312 signum,
615 2233 636 2264 ²¹
647 2231 771 2294 subinde
796 2238 937 2293 eoeuntes.
989 2230 1209 2292 Exaudiebetur

194 2331 311 2390 tautum
335 2330 476 2408 strepitus
500 2329 685 2402 habenerum,
710 2325 815 2405 quibus
843 2325 910 2404 equi
934 2343 1050 2384 numum
1073 2326 1209 2386 vehentes

195 2425 355 2484 identidem
378 2421 616 2484 verberabantur.
668 2422 743 2482 Haeo
767 2420 829 2480 eole
849 2421 989 2499 fugientis
1013 2419 1141 2500 vestigia
1166 2439 1210 2482 ex·

195 2524 280 2594 oepte
293 2523 368 2574 eunt.

255 2608 345 2670 XVI.
367 2609 414 2668 60.
436 2609 525 2669 Asin
539 2609 612 2670 leevo
627 2609 819 2670 Meeedonum
839 2629 936 2684 eornu,
950 2609 1027 2688 qued
1042 2608 1208 2686 Permenio,
1255 2595 1256 2672 ᾗ

196 2706 285 2783 (sient
306 2707 375 2766 ente
389 2704 501 2764 dietum
523 2707 577 2784 eet)
599 2706 744 2780 tuebatur,
766 2706 871 2785 ¹longd
892 2705 951 2764 elie
972 2705 1092 2764 fortune
1105 2708 1208 2766 utriue

195 2823 252 2882 qne
265 2803 359 2882 pertis
372 2821 419 2862 res
432 2801 596 2882 gerebatur.
639 2801 767 2862 Messene
777 2819 843 2860 eum
856 2801 937 2862 omni
950 2817 1069 2860 suornm
1076 2802 1210 2879 equiem

194 2899 380 2958 vehementer
406 2899 547 2967 inventus,
579 2897 703 2975 urgebat
730 2896 923 2956 Mneedouum
944 2895 1012 2956 eles
1062 2895 1210 2976 'Jamque

195 2993 345 3051 abundans
366 2993 556 3053 multitudine
578 2993 670 3052 eeiem
688 2992 865 3052 eireumvehi
889 2997 1021 3069 eoeperet,
1044 2991 1116 3048 edm
1141 2991 1210 3052 Per

195 3087 291 3146 menie
311 3088 423 3166 equites
447 3089 584 3148 nunoiere
606 3087 694 3165 jubet
717 3086 897 3160 Alexandro,
912 3087 943 3146 in
965 3104 1023 3164 quo
1043 3084 1210 3146 dieorimine

195 3181 252 3259 ipsi
266 3189 377 3257 essent3
398 3181 457 3242 nisi
478 3185 593 3242 mature
607 3183 817 3258 subveniretur,
831 3201 889 3242 nen
909 3199 994 3260 poene
1014 3181 1081 3240 sisti
1100 3183 1209 3262 iugem.

197 3277 268 3337 Jem
282 3277 409 3336 multum
428 3277 485 3338 viee
503 3285 680 3356 praeoeperet
703 3278 780 3352 Rex,
795 3277 946 3338 imminens
967 3276 1143 3354 fugientium
1156 3285 1210 3338 ter·

194 3373 249 3454 gis,
278 3373 346 3432 edm
374 3391 392 3431 e
419 3371 610 3438 Parmenione
635 3373 729 3433 tristis
749 3373 872 3432 nunnius
892 3372 978 3432 venit
1019 3371 1210 3434 ’Restm

198 3487 287 3548 equos
309 3465 407 3546 jussit,
420 3467 472 3546 qui
485 3467 673 3544 vehebantur,
686 3487 844 3548 agmenque
868 3467 1017 3528 eonstitit:
1037 3465 1211 3528 ‘frendente

195 3563 376 3638 Alexandro,
391 3561 464 3641 eripi
478 3562 535 3622 eibi
555 3562 705 3622 vietoriem
719 3583 735 3622 e
749 3563 890 3640 menibus,
905 3569 935 3622 et
955 3561 1078 3622 Darium
1092 3561 1210 3624 felioide

193 3659 304 3737 fugere,
318 3659 407 3740 quim
432 3658 514 3738 sequi
528 3676 567 3718 se.
610 3656 736 3720 interim
750 3657 788 3718 ed
809 3658 952 3718 Mesaenm
973 3657 1103 3735 superati
1117 3657 1210 3736 Regis

193 3753 272 3816 fama
293 3761 472 3839 pervenerat
535 3752 640 3832 Itaque
664 3773 826 3833 quenquam
848 3753 975 3814 validior
996 3759 1068 3826 erat,
1090 3753 1209 3812 fortune

194 3853 289 3923 temen
312 3850 440 3928 partiunt
460 3849 592 3924 territus,
617 3849 760 3928 perculsis
779 3847 944 3928 leu'guidiis
956 3847 1093 3910 instabat
1138 3848 1208 3910 Par·
