<?xml version="1.0" encoding="UTF-8"?>
<!DOCTYPE html PUBLIC "-//W3C//DTD XHTML 1.0 Transitional//EN"
    "http://www.w3.org/TR/xhtml1/DTD/xhtml1-transitional.dtd">
<html xmlns="http://www.w3.org/1999/xhtml" xml:lang="en" lang="en">
 <head>
  <title>
</title>
<meta http-equiv="Content-Type" content="text/html;charset=utf-8" />
  <meta name='ocr-system' content='tesseract 3.04.00' />
  <meta name='ocr-capabilities' content='ocr_page ocr_carea ocr_par ocr_line ocrx_word'/>
</head>
<body>
  <div class='ocr_page' id='page_1' title='image "./quintuscurtiusr00cellgoog_0152.png"; bbox 0 0 2520 4390; ppageno 0'>
   <div class='ocr_carea' id='block_1_1' title="bbox 288 391 1004 450">
    <p class='ocr_par' dir='ltr' id='par_1_1' title="bbox 288 391 1004 450">
     <span class='ocr_line' id='line_1_1' title="bbox 288 391 1004 450; baseline 0.001 -1"><span class='ocrx_word' id='word_1_1' title='bbox 288 408 411 450; x_wconf 77' lang='lat' dir='ltr'>uranu</span> <span class='ocrx_word' id='word_1_2' title='bbox 441 409 494 450; x_wconf 90' lang='lat' dir='ltr'>v1.</span> <span class='ocrx_word' id='word_1_3' title='bbox 526 409 611 450; x_wconf 79' lang='lat' dir='ltr'>car.</span> <span class='ocrx_word' id='word_1_4' title='bbox 641 409 694 450; x_wconf 84' lang='lat' dir='ltr'>xr.</span> <span class='ocrx_word' id='word_1_5' title='bbox 948 391 1004 450; x_wconf 78' lang='lat'>13⁷</span> 
     </span>
    </p>
   </div>
   <div class='ocr_carea' id='block_1_2' title="bbox 67 547 1062 3575">
    <p class='ocr_par' dir='ltr' id='par_1_2' title="bbox 67 547 1062 3575">
     <span class='ocr_line' id='line_1_2' title="bbox 67 547 1002 628; baseline 0.001 -22"><span class='ocrx_word' id='word_1_6' title='bbox 67 547 140 608; x_wconf 87' lang='lat' dir='ltr'>redico</span> <span class='ocrx_word' id='word_1_7' title='bbox 151 547 211 628; x_wconf 85' lang='lat' dir='ltr'>Regi</span> <span class='ocrx_word' id='word_1_8' title='bbox 218 548 310 628; x_wconf 86' lang='lat' dir='ltr'>parari,</span> <span class='ocrx_word' id='word_1_9' title='bbox 325 548 470 608; x_wconf 73' lang='lat' dir='ltr'>deterrere</span> <span class='ocrx_word' id='word_1_10' title='bbox 479 567 545 607; x_wconf 92' lang='lat' dir='ltr'>eum</span> <span class='ocrx_word' id='word_1_11' title='bbox 555 547 649 608; x_wconf 79' lang='lat' dir='ltr'>veluit</span> <span class='ocrx_word' id='word_1_12' title='bbox 663 547 787 626; x_wconf 77' lang='lat' dir='ltr'>epistolt</span> <span class='ocrx_word' id='word_1_13' title='bbox 802 547 919 627; x_wconf 82' lang='lat' dir='ltr'>scriptt,</span> <span class='ocrx_word' id='word_1_14' title='bbox 934 565 1002 626; x_wconf 91' lang='lat' dir='ltr'>quo·</span> 
     </span>
     <span class='ocr_line' id='line_1_3' title="bbox 67 643 1001 723; baseline 0.001 -22"><span class='ocrx_word' id='word_1_15' title='bbox 67 644 129 702; x_wconf 87' lang='lat' dir='ltr'>rinds</span> <span class='ocrx_word' id='word_1_16' title='bbox 137 643 340 704; x_wconf 85' lang='lat' dir='ltr'>medicamentum</span> <span class='ocrx_word' id='word_1_17' title='bbox 354 643 478 717; x_wconf 86' lang='lat' dir='ltr'>biberet,</span> <span class='ocrx_word' id='word_1_18' title='bbox 492 644 571 723; x_wconf 88' lang='lat' dir='ltr'>quod</span> <span class='ocrx_word' id='word_1_19' title='bbox 580 643 710 702; x_wconf 87' lang='lat' dir='ltr'>medicus</span> <span class='ocrx_word' id='word_1_20' title='bbox 725 644 792 703; x_wconf 91' lang='lat' dir='ltr'>dare</span> <span class='ocrx_word' id='word_1_21' title='bbox 803 644 1001 702; x_wconf 88' lang='lat' dir='ltr'>constituerat.</span> 
     </span>
     <span class='ocr_line' id='line_1_4' title="bbox 67 737 1002 818; baseline -0.001 -20"><span class='ocrx_word' id='word_1_22' title='bbox 67 741 113 798; x_wconf 89' lang='lat' dir='ltr'>lum</span> <span class='ocrx_word' id='word_1_23' title='bbox 124 737 235 798; x_wconf 83' lang='lat' dir='ltr'>creditum</span> <span class='ocrx_word' id='word_1_24' title='bbox 246 747 287 800; x_wconf 91' lang='lat' dir='ltr'>est</span> <span class='ocrx_word' id='word_1_25' title='bbox 299 740 378 818; x_wconf 89' lang='lat' dir='ltr'>patri</span> <span class='ocrx_word' id='word_1_26' title='bbox 391 740 480 799; x_wconf 79' lang='lat' dir='ltr'>meo?</span> <span class='ocrx_word' id='word_1_27' title='bbox 521 738 550 798; x_wconf 89' lang='lat' dir='ltr'>N</span> <span class='ocrx_word' id='word_1_28' title='bbox 552 759 602 798; x_wconf 91' lang='lat' dir='ltr'>um</span> <span class='ocrx_word' id='word_1_29' title='bbox 616 739 707 798; x_wconf 89' lang='lat' dir='ltr'>ullam</span> <span class='ocrx_word' id='word_1_30' title='bbox 720 739 924 798; x_wconf 88' lang='lat' dir='ltr'>anctoritatem</span> <span class='ocrx_word' id='word_1_31' title='bbox 938 739 1002 816; x_wconf 88' lang='lat' dir='ltr'>ejus</span> 
     </span>
     <span class='ocr_line' id='line_1_5' title="bbox 67 833 1002 914; baseline 0.002 -24"><span class='ocrx_word' id='word_1_32' title='bbox 67 840 132 893; x_wconf 85' lang='lat' dir='ltr'>tterae</span> <span class='ocrx_word' id='word_1_33' title='bbox 144 834 301 894; x_wconf 77' lang='lat' dir='ltr'>habuerunt?</span> <span class='ocrx_word' id='word_1_34' title='bbox 341 834 407 914; x_wconf 78' lang='lat' dir='ltr'>Ego</span> <span class='ocrx_word' id='word_1_35' title='bbox 426 834 497 912; x_wconf 89' lang='lat' dir='ltr'>ipse,</span> <span class='ocrx_word' id='word_1_36' title='bbox 512 835 627 914; x_wconf 89' lang='lat' dir='ltr'>quoties</span> <span class='ocrx_word' id='word_1_37' title='bbox 650 854 715 914; x_wconf 85' lang='lat' dir='ltr'>quae</span> <span class='ocrx_word' id='word_1_38' title='bbox 729 834 877 893; x_wconf 80' lang='lat' dir='ltr'>audieram</span> <span class='ocrx_word' id='word_1_39' title='bbox 899 833 1002 908; x_wconf 90' lang='lat' dir='ltr'>detuli,</span> 
     </span>
     <span class='ocr_line' id='line_1_6' title="bbox 67 927 1002 1008; baseline 0.001 -23"><span class='ocrx_word' id='word_1_40' title='bbox 67 948 96 986; x_wconf 77' lang='lat' dir='ltr'>tm</span> <span class='ocrx_word' id='word_1_41' title='bbox 107 927 210 988; x_wconf 87' lang='lat' dir='ltr'>ludibrio</span> <span class='ocrx_word' id='word_1_42' title='bbox 221 929 392 988; x_wconf 87' lang='lat' dir='ltr'>credulitatis</span> <span class='ocrx_word' id='word_1_43' title='bbox 406 929 540 1008; x_wconf 89' lang='lat' dir='ltr'>repulsus</span> <span class='ocrx_word' id='word_1_44' title='bbox 555 948 627 988; x_wconf 87' lang='lat' dir='ltr'>sum.</span> <span class='ocrx_word' id='word_1_45' title='bbox 658 929 691 989; x_wconf 90' lang='lat' dir='ltr'>Si</span> <span class='ocrx_word' id='word_1_46' title='bbox 705 935 736 988; x_wconf 89' lang='lat' dir='ltr'>et</span> <span class='ocrx_word' id='word_1_47' title='bbox 750 929 818 987; x_wconf 80' lang='lat' dir='ltr'>otim</span> <span class='ocrx_word' id='word_1_48' title='bbox 831 927 1002 1002; x_wconf 82' lang='lat' dir='ltr'>indicamus,</span> 
     </span>
     <span class='ocr_line' id='line_1_7' title="bbox 67 1023 1003 1104; baseline 0 -22"><span class='ocrx_word' id='word_1_49' title='bbox 67 1023 124 1099; x_wconf 84' lang='lat' dir='ltr'>visi;</span> <span class='ocrx_word' id='word_1_50' title='bbox 152 1031 178 1082; x_wconf 90' lang='lat' dir='ltr'>et</span> <span class='ocrx_word' id='word_1_51' title='bbox 198 1026 256 1084; x_wconf 82' lang='lat' dir='ltr'>erlm</span> <span class='ocrx_word' id='word_1_52' title='bbox 280 1033 419 1100; x_wconf 88' lang='lat' dir='ltr'>tacemus,</span> <span class='ocrx_word' id='word_1_53' title='bbox 444 1025 572 1103; x_wconf 88' lang='lat' dir='ltr'>suspecti</span> <span class='ocrx_word' id='word_1_54' title='bbox 599 1043 708 1099; x_wconf 90' lang='lat' dir='ltr'>sumus,</span> <span class='ocrx_word' id='word_1_55' title='bbox 736 1023 809 1104; x_wconf 89' lang='lat' dir='ltr'>quid</span> <span class='ocrx_word' id='word_1_56' title='bbox 835 1023 928 1082; x_wconf 83' lang='lat' dir='ltr'>facere</span> <span class='ocrx_word' id='word_1_57' title='bbox 950 1043 1003 1084; x_wconf 87' lang='lat' dir='ltr'>nos</span> 
     </span>
     <span class='ocr_line' id='line_1_8' title="bbox 67 1118 1002 1198; baseline 0.001 -21"><span class='ocrx_word' id='word_1_58' title='bbox 67 1119 170 1177; x_wconf 86' lang='lat' dir='ltr'>ortet?”</span> <span class='ocrx_word' id='word_1_59' title='bbox 217 1118 341 1198; x_wconf 79' lang='lat' dir='ltr'>(blmque</span> <span class='ocrx_word' id='word_1_60' title='bbox 367 1139 443 1178; x_wconf 90' lang='lat' dir='ltr'>uuus</span> <span class='ocrx_word' id='word_1_61' title='bbox 469 1140 485 1178; x_wconf 91' lang='lat' dir='ltr'>e</span> <span class='ocrx_word' id='word_1_62' title='bbox 512 1119 761 1178; x_wconf 86' lang='lat' dir='ltr'>circumstantium</span> <span class='ocrx_word' id='word_1_63' title='bbox 794 1119 882 1178; x_wconf 70' lang='lat' dir='ltr'>turbt</span> <span class='ocrx_word' id='word_1_64' title='bbox 910 1118 1002 1178; x_wconf 83' lang='lat' dir='ltr'>exclu-</span> 
     </span>
     <span class='ocr_line' id='line_1_9' title="bbox 67 1213 1001 1288; baseline 0.001 -17"><span class='ocrx_word' id='word_1_65' title='bbox 67 1221 130 1288; x_wconf 78' lang='lat' dir='ltr'>tsmt,</span> <span class='ocrx_word' id='word_1_66' title='bbox 144 1215 162 1244; x_wconf 79' lang='lat'>⁸¹</span> <span class='ocrx_word' id='word_1_67' title='bbox 173 1218 186 1248; x_wconf 88' lang='lat'><strong>“</strong></span> <span class='ocrx_word' id='word_1_68' title='bbox 197 1214 268 1273; x_wconf 74' lang='lat' dir='ltr'>Bene</span> <span class='ocrx_word' id='word_1_69' title='bbox 282 1215 395 1274; x_wconf 86' lang='lat' dir='ltr'>meritis</span> <span class='ocrx_word' id='word_1_70' title='bbox 409 1235 467 1274; x_wconf 92' lang='lat' dir='ltr'>non</span> <span class='ocrx_word' id='word_1_71' title='bbox 487 1215 637 1274; x_wconf 86' lang='lat' dir='ltr'>insidiari:</span> <span class='ocrx_word' id='word_1_72' title='bbox 649 1215 666 1246; x_wconf 86' lang='lat'><strong>”</strong></span> <span class='ocrx_word' id='word_1_73' title='bbox 688 1213 831 1287; x_wconf 83' lang='lat' dir='ltr'>Philotas,</span> <span class='ocrx_word' id='word_1_74' title='bbox 846 1218 864 1247; x_wconf 75' lang='lat'>‘⁴</span> <span class='ocrx_word' id='word_1_75' title='bbox 876 1213 1001 1288; x_wconf 80' lang='lat' dir='ltr'>Rectd,&#39;’</span> 
     </span>
     <span class='ocr_line' id='line_1_10' title="bbox 67 1308 1003 1388; baseline 0.001 -22"><span class='ocrx_word' id='word_1_76' title='bbox 67 1309 115 1385; x_wconf 83' lang='lat' dir='ltr'>nit,</span> <span class='ocrx_word' id='word_1_77' title='bbox 130 1309 268 1388; x_wconf 87' lang='lat' dir='ltr'>“quisquis</span> <span class='ocrx_word' id='word_1_78' title='bbox 281 1327 322 1383; x_wconf 86' lang='lat' dir='ltr'>es,</span> <span class='ocrx_word' id='word_1_79' title='bbox 337 1309 418 1368; x_wconf 90' lang='lat' dir='ltr'>dicis.</span> <span class='ocrx_word' id='word_1_80' title='bbox 461 1308 566 1386; x_wconf 87' lang='lat' dir='ltr'>Itaque</span> <span class='ocrx_word' id='word_1_81' title='bbox 580 1309 605 1367; x_wconf 87' lang='lat' dir='ltr'>si</span> <span class='ocrx_word' id='word_1_82' title='bbox 625 1308 782 1368; x_wconf 86' lang='lat' dir='ltr'>insidiatus</span> <span class='ocrx_word' id='word_1_83' title='bbox 802 1327 875 1382; x_wconf 89' lang='lat' dir='ltr'>sum,</span> <span class='ocrx_word' id='word_1_84' title='bbox 889 1329 1003 1386; x_wconf 88' lang='lat' dir='ltr'>poenam</span> 
     </span>
     <span class='ocr_line' id='line_1_11' title="bbox 67 1402 1004 1480; baseline 0.001 -19"><span class='ocrx_word' id='word_1_85' title='bbox 67 1404 226 1480; x_wconf 81' lang='lat' dir='ltr'>rdeprecor:</span> <span class='ocrx_word' id='word_1_86' title='bbox 245 1410 273 1462; x_wconf 91' lang='lat' dir='ltr'>et</span> <span class='ocrx_word' id='word_1_87' title='bbox 293 1405 381 1460; x_wconf 87' lang='lat' dir='ltr'>finem</span> <span class='ocrx_word' id='word_1_88' title='bbox 402 1403 476 1461; x_wconf 84' lang='lat' dir='ltr'>facio</span> <span class='ocrx_word' id='word_1_89' title='bbox 492 1403 614 1476; x_wconf 87' lang='lat' dir='ltr'>dicendi,</span> <span class='ocrx_word' id='word_1_90' title='bbox 628 1402 765 1480; x_wconf 89' lang='lat' dir='ltr'>qnoniam</span> <span class='ocrx_word' id='word_1_91' title='bbox 787 1402 893 1460; x_wconf 89' lang='lat' dir='ltr'>ultima</span> <span class='ocrx_word' id='word_1_92' title='bbox 914 1403 1004 1462; x_wconf 85' lang='lat' dir='ltr'>verba</span> 
     </span>
     <span class='ocr_line' id='line_1_12' title="bbox 68 1497 1002 1573; baseline 0 -16"><span class='ocrx_word' id='word_1_93' title='bbox 68 1499 111 1557; x_wconf 87' lang='lat' dir='ltr'>via</span> <span class='ocrx_word' id='word_1_94' title='bbox 123 1505 184 1556; x_wconf 89' lang='lat' dir='ltr'>sunt</span> <span class='ocrx_word' id='word_1_95' title='bbox 196 1498 252 1558; x_wconf 84' lang='lat' dir='ltr'>visa</span> <span class='ocrx_word' id='word_1_96' title='bbox 268 1498 387 1559; x_wconf 85' lang='lat' dir='ltr'>auribus</span> <span class='ocrx_word' id='word_1_97' title='bbox 401 1497 538 1558; x_wconf 87' lang='lat' dir='ltr'>vestris.”</span> <span class='ocrx_word' id='word_1_98' title='bbox 579 1497 749 1559; x_wconf 74' lang='lat' dir='ltr'>Abducitur</span> <span class='ocrx_word' id='word_1_99' title='bbox 772 1497 877 1557; x_wconf 77' lang='lat' dir='ltr'>deindb</span> <span class='ocrx_word' id='word_1_100' title='bbox 899 1497 936 1558; x_wconf 88' lang='lat' dir='ltr'>ab</span> <span class='ocrx_word' id='word_1_101' title='bbox 956 1497 1002 1573; x_wconf 91' lang='lat' dir='ltr'>iis,</span> 
     </span>
     <span class='ocr_line' id='line_1_13' title="bbox 78 1592 347 1652; baseline 0.007 -2"><span class='ocrx_word' id='word_1_102' title='bbox 78 1592 263 1652; x_wconf 73' lang='lat' dir='ltr'>custodiebant</span> <span class='ocrx_word' id='word_1_103' title='bbox 274 1613 347 1652; x_wconf 86' lang='lat' dir='ltr'>eum.</span> 
     </span>
     <span class='ocr_line' id='line_1_14' title="bbox 67 1687 1000 1769; baseline 0.002 -23"><span class='ocrx_word' id='word_1_104' title='bbox 67 1687 120 1747; x_wconf 91' lang='lat' dir='ltr'>XI.</span> <span class='ocrx_word' id='word_1_105' title='bbox 141 1691 185 1748; x_wconf 88' lang='grc'>30.</span> <span class='ocrx_word' id='word_1_106' title='bbox 205 1688 275 1748; x_wconf 76' lang='lat' dir='ltr'>Erat</span> <span class='ocrx_word' id='word_1_107' title='bbox 296 1689 374 1748; x_wconf 90' lang='lat' dir='ltr'>inter</span> <span class='ocrx_word' id='word_1_108' title='bbox 396 1689 485 1750; x_wconf 91' lang='lat' dir='ltr'>duces</span> <span class='ocrx_word' id='word_1_109' title='bbox 498 1709 585 1750; x_wconf 85' lang='lat' dir='ltr'>manu</span> <span class='ocrx_word' id='word_1_110' title='bbox 608 1695 745 1750; x_wconf 88' lang='lat' dir='ltr'>strenuus</span> <span class='ocrx_word' id='word_1_111' title='bbox 766 1688 860 1748; x_wconf 88' lang='lat' dir='ltr'>Belou</span> <span class='ocrx_word' id='word_1_112' title='bbox 874 1689 1000 1769; x_wconf 87' lang='lat' dir='ltr'>quidam,</span> 
     </span>
     <span class='ocr_line' id='line_1_15' title="bbox 67 1783 1002 1861; baseline 0.004 -21"><span class='ocrx_word' id='word_1_113' title='bbox 67 1783 193 1842; x_wconf 85' lang='lat' dir='ltr'>sortium</span> <span class='ocrx_word' id='word_1_114' title='bbox 207 1790 235 1842; x_wconf 92' lang='lat' dir='ltr'>et</span> <span class='ocrx_word' id='word_1_115' title='bbox 248 1785 256 1812; x_wconf 88' lang='lat'>¹</span> <span class='ocrx_word' id='word_1_116' title='bbox 267 1783 361 1844; x_wconf 83' lang='lat' dir='ltr'>civilis</span> <span class='ocrx_word' id='word_1_117' title='bbox 384 1785 505 1844; x_wconf 78' lang='lat' dir='ltr'>habitus</span> <span class='ocrx_word' id='word_1_118' title='bbox 525 1785 616 1861; x_wconf 87' lang='lat' dir='ltr'>rudis,</span> <span class='ocrx_word' id='word_1_119' title='bbox 631 1792 717 1846; x_wconf 86' lang='lat' dir='ltr'>vetus</span> <span class='ocrx_word' id='word_1_120' title='bbox 737 1785 831 1860; x_wconf 81' lang='lat' dir='ltr'>miles,</span> <span class='ocrx_word' id='word_1_121' title='bbox 846 1785 884 1845; x_wconf 91' lang='lat' dir='ltr'>ab</span> <span class='ocrx_word' id='word_1_122' title='bbox 897 1785 1002 1844; x_wconf 89' lang='lat' dir='ltr'>humili</span> 
     </span>
     <span class='ocr_line' id='line_1_16' title="bbox 67 1879 1001 1960; baseline 0.001 -23"><span class='ocrx_word' id='word_1_123' title='bbox 67 1899 97 1937; x_wconf 93' lang='lat' dir='ltr'>ne</span> <span class='ocrx_word' id='word_1_124' title='bbox 123 1879 159 1937; x_wconf 87' lang='lat' dir='ltr'>ad</span> <span class='ocrx_word' id='word_1_125' title='bbox 185 1899 247 1938; x_wconf 87' lang='lat' dir='ltr'>eum</span> <span class='ocrx_word' id='word_1_126' title='bbox 272 1879 405 1959; x_wconf 73' lang='lat' dir='ltr'>gratim,</span> <span class='ocrx_word' id='word_1_127' title='bbox 429 1881 461 1938; x_wconf 89' lang='lat' dir='ltr'>in</span> <span class='ocrx_word' id='word_1_128' title='bbox 487 1900 545 1959; x_wconf 91' lang='lat' dir='ltr'>quo</span> <span class='ocrx_word' id='word_1_129' title='bbox 573 1888 643 1940; x_wconf 85' lang='lat' dir='ltr'>tnnc</span> <span class='ocrx_word' id='word_1_130' title='bbox 665 1887 737 1956; x_wconf 85' lang='lat' dir='ltr'>erat,</span> <span class='ocrx_word' id='word_1_131' title='bbox 759 1887 928 1959; x_wconf 77' lang='lat' dir='ltr'>promotus3</span> <span class='ocrx_word' id='word_1_132' title='bbox 950 1880 1001 1960; x_wconf 90' lang='lat' dir='ltr'>qui</span> 
     </span>
     <span class='ocr_line' id='line_1_17' title="bbox 67 1974 1000 2052; baseline 0.001 -21"><span class='ocrx_word' id='word_1_133' title='bbox 67 1974 154 2032; x_wconf 77' lang='lat' dir='ltr'>itibus</span> <span class='ocrx_word' id='word_1_134' title='bbox 168 1975 289 2049; x_wconf 85' lang='lat' dir='ltr'>caeteris,</span> <span class='ocrx_word' id='word_1_135' title='bbox 304 1975 413 2034; x_wconf 67' lang='lat' dir='ltr'>stolida</span> <span class='ocrx_word' id='word_1_136' title='bbox 427 1975 548 2034; x_wconf 76' lang='lat' dir='ltr'>audacit</span> <span class='ocrx_word' id='word_1_137' title='bbox 562 1976 655 2051; x_wconf 86' lang='lat' dir='ltr'>ferox,</span> <span class='ocrx_word' id='word_1_138' title='bbox 670 1976 824 2036; x_wconf 89' lang='lat' dir='ltr'>admonere</span> <span class='ocrx_word' id='word_1_139' title='bbox 838 1995 889 2036; x_wconf 88' lang='lat' dir='ltr'>eos</span> <span class='ocrx_word' id='word_1_140' title='bbox 903 1975 1000 2052; x_wconf 86' lang='lat' dir='ltr'>coepit,</span> 
     </span>
     <span class='ocr_line' id='line_1_18' title="bbox 67 2068 1002 2148; baseline 0.002 -22"><span class='ocrx_word' id='word_1_141' title='bbox 67 2069 131 2127; x_wconf 80' lang='lat' dir='ltr'>»ties</span> <span class='ocrx_word' id='word_1_142' title='bbox 144 2068 204 2127; x_wconf 88' lang='lat' dir='ltr'>suis</span> <span class='ocrx_word' id='word_1_143' title='bbox 224 2069 345 2147; x_wconf 90' lang='lat' dir='ltr'>quisque</span> <span class='ocrx_word' id='word_1_144' title='bbox 359 2069 555 2144; x_wconf 66' lang='lat' dir='ltr'>’diversoriis</span> <span class='ocrx_word' id='word_1_145' title='bbox 569 2089 635 2148; x_wconf 74' lang='lat' dir='ltr'>quse</span> <span class='ocrx_word' id='word_1_146' title='bbox 655 2074 854 2147; x_wconf 79' lang='lat' dir='ltr'>occuptsscnt,</span> <span class='ocrx_word' id='word_1_147' title='bbox 868 2069 1002 2128; x_wconf 86' lang='lat' dir='ltr'>deturba·</span> 
     </span>
     <span class='ocr_line' id='line_1_19' title="bbox 67 2163 1002 2240; baseline 0.001 -21"><span class='ocrx_word' id='word_1_148' title='bbox 67 2170 135 2237; x_wconf 88' lang='lat' dir='ltr'>sset,</span> <span class='ocrx_word' id='word_1_149' title='bbox 149 2169 183 2220; x_wconf 88' lang='lat' dir='ltr'>ut</span> <span class='ocrx_word' id='word_1_150' title='bbox 197 2163 408 2240; x_wconf 84' lang='lat' dir='ltr'>&#39;purgamenta</span> <span class='ocrx_word' id='word_1_151' title='bbox 427 2183 576 2223; x_wconf 84' lang='lat' dir='ltr'>servorum</span> <span class='ocrx_word' id='word_1_152' title='bbox 597 2163 726 2224; x_wconf 73' lang='lat' dir='ltr'>Philotae</span> <span class='ocrx_word' id='word_1_153' title='bbox 746 2164 944 2240; x_wconf 75' lang='lat' dir='ltr'>reciperentur</span> <span class='ocrx_word' id='word_1_154' title='bbox 958 2163 1002 2237; x_wconf 85' lang='lat' dir='ltr'>eb,</span> 
     </span>
     <span class='ocr_line' id='line_1_20' title="bbox 96 2257 1004 2336; baseline 0.002 -22"><span class='ocrx_word' id='word_1_155' title='bbox 96 2257 309 2316; x_wconf 77' lang='lat' dir='ltr'>commilitones</span> <span class='ocrx_word' id='word_1_156' title='bbox 341 2257 520 2336; x_wconf 80' lang='lat' dir='ltr'>expulisset:</span> <span class='ocrx_word' id='word_1_157' title='bbox 556 2277 625 2317; x_wconf 90' lang='lat' dir='ltr'>auro</span> <span class='ocrx_word' id='word_1_158' title='bbox 659 2265 836 2336; x_wconf 80' lang='lat' dir='ltr'>argentoque</span> <span class='ocrx_word' id='word_1_159' title='bbox 868 2257 1004 2317; x_wconf 83' lang='lat' dir='ltr'>vehicula</span> 
     </span>
     <span class='ocr_line' id='line_1_21' title="bbox 70 2352 1003 2432; baseline 0 -22"><span class='ocrx_word' id='word_1_160' title='bbox 70 2359 178 2410; x_wconf 87' lang='lat' dir='ltr'>onusta</span> <span class='ocrx_word' id='word_1_161' title='bbox 202 2352 275 2411; x_wconf 85' lang='lat' dir='ltr'>totis</span> <span class='ocrx_word' id='word_1_162' title='bbox 295 2352 368 2412; x_wconf 83' lang='lat' dir='ltr'>vicis</span> <span class='ocrx_word' id='word_1_163' title='bbox 395 2353 529 2412; x_wconf 88' lang='lat' dir='ltr'>stetisse:</span> <span class='ocrx_word' id='word_1_164' title='bbox 558 2371 591 2412; x_wconf 87' lang='lat' dir='ltr'>ao</span> <span class='ocrx_word' id='word_1_165' title='bbox 617 2373 654 2412; x_wconf 88' lang='lat' dir='ltr'>ne</span> <span class='ocrx_word' id='word_1_166' title='bbox 681 2353 711 2411; x_wconf 94' lang='lat' dir='ltr'>in</span> <span class='ocrx_word' id='word_1_167' title='bbox 731 2353 864 2412; x_wconf 83' lang='lat' dir='ltr'>viciniam</span> <span class='ocrx_word' id='word_1_168' title='bbox 885 2352 1003 2432; x_wconf 89' lang='lat' dir='ltr'>quidem</span> 
     </span>
     <span class='ocr_line' id='line_1_22' title="bbox 68 2448 1002 2527; baseline 0.002 -21"><span class='ocrx_word' id='word_1_169' title='bbox 68 2448 133 2506; x_wconf 71' lang='lat' dir='ltr'>ionii</span> <span class='ocrx_word' id='word_1_170' title='bbox 154 2467 331 2527; x_wconf 88' lang='lat' dir='ltr'>quemquam</span> <span class='ocrx_word' id='word_1_171' title='bbox 352 2448 579 2508; x_wconf 87' lang='lat' dir='ltr'>commilitonum</span> <span class='ocrx_word' id='word_1_172' title='bbox 599 2455 747 2527; x_wconf 89' lang='lat' dir='ltr'>receptum</span> <span class='ocrx_word' id='word_1_173' title='bbox 767 2466 849 2507; x_wconf 87' lang='lat' dir='ltr'>esse:</span> <span class='ocrx_word' id='word_1_174' title='bbox 870 2448 931 2522; x_wconf 87' lang='lat' dir='ltr'>sed,</span> <span class='ocrx_word' id='word_1_175' title='bbox 951 2467 1002 2526; x_wconf 90' lang='lat' dir='ltr'>per</span> 
     </span>
     <span class='ocr_line' id='line_1_23' title="bbox 69 2543 998 2622; baseline 0.002 -22"><span class='ocrx_word' id='word_1_176' title='bbox 69 2543 235 2620; x_wconf 86' lang='lat' dir='ltr'>dispositos</span> <span class='ocrx_word' id='word_1_177' title='bbox 261 2561 349 2622; x_wconf 84' lang='lat' dir='ltr'>supra</span> <span class='ocrx_word' id='word_1_178' title='bbox 370 2563 503 2604; x_wconf 89' lang='lat' dir='ltr'>somnum</span> <span class='ocrx_word' id='word_1_179' title='bbox 525 2543 658 2619; x_wconf 86' lang='lat' dir='ltr'>habebat,</span> <span class='ocrx_word' id='word_1_180' title='bbox 680 2563 778 2603; x_wconf 89' lang='lat' dir='ltr'>omnes</span> <span class='ocrx_word' id='word_1_181' title='bbox 800 2543 902 2622; x_wconf 89' lang='lat' dir='ltr'>procul</span> <span class='ocrx_word' id='word_1_182' title='bbox 928 2543 998 2602; x_wconf 85' lang='lat' dir='ltr'>rele-</span> 
     </span>
     <span class='ocr_line' id='line_1_24' title="bbox 77 2639 1001 2700; baseline 0 -4"><span class='ocrx_word' id='word_1_183' title='bbox 77 2659 117 2698; x_wconf 90' lang='lat' dir='ltr'>ne</span> <span class='ocrx_word' id='word_1_184' title='bbox 132 2639 278 2699; x_wconf 78' lang='lat' dir='ltr'>‘feramina</span> <span class='ocrx_word' id='word_1_185' title='bbox 291 2640 344 2698; x_wconf 88' lang='lat' dir='ltr'>illa</span> <span class='ocrx_word' id='word_1_186' title='bbox 364 2640 606 2699; x_wconf 76' lang='lat' dir='ltr'>murmurantium</span> <span class='ocrx_word' id='word_1_187' title='bbox 626 2640 703 2700; x_wconf 87' lang='lat' dir='ltr'>inter</span> <span class='ocrx_word' id='word_1_188' title='bbox 717 2659 748 2699; x_wconf 87' lang='lat' dir='ltr'>ee</span> <span class='ocrx_word' id='word_1_189' title='bbox 769 2640 886 2700; x_wconf 87' lang='lat' dir='ltr'>silentio</span> <span class='ocrx_word' id='word_1_190' title='bbox 900 2639 1001 2699; x_wconf 73' lang='lat' dir='ltr'>veritis</span> 
     </span>
     <span class='ocr_line' id='line_1_25' title="bbox 69 2731 1000 2810; baseline -0.001 -19"><span class='ocrx_word' id='word_1_191' title='bbox 69 2752 150 2810; x_wconf 88' lang='lat' dir='ltr'>sono,</span> <span class='ocrx_word' id='word_1_192' title='bbox 167 2734 360 2795; x_wconf 76' lang='lat' dir='ltr'>excitaretur.</span> <span class='ocrx_word' id='word_1_193' title='bbox 403 2734 546 2796; x_wconf 87' lang='lat' dir='ltr'>Ludibrio</span> <span class='ocrx_word' id='word_1_194' title='bbox 560 2735 588 2794; x_wconf 91' lang='lat' dir='ltr'>ei</span> <span class='ocrx_word' id='word_1_195' title='bbox 600 2734 692 2794; x_wconf 82' lang='lat' dir='ltr'>fuisse</span> <span class='ocrx_word' id='word_1_196' title='bbox 706 2734 849 2792; x_wconf 79' lang='lat' dir='ltr'>&#39;rusticos</span> <span class='ocrx_word' id='word_1_197' title='bbox 861 2731 1000 2806; x_wconf 87' lang='lat' dir='ltr'>homines,</span> 
     </span>
     <span class='ocr_line' id='line_1_26' title="bbox 70 2826 1000 2908; baseline -0.002 -23"><span class='ocrx_word' id='word_1_198' title='bbox 70 2847 159 2906; x_wconf 76' lang='lat' dir='ltr'>esque</span> <span class='ocrx_word' id='word_1_199' title='bbox 174 2835 208 2887; x_wconf 90' lang='lat' dir='ltr'>et</span> <span class='ocrx_word' id='word_1_200' title='bbox 230 2828 438 2908; x_wconf 72' lang='lat' dir='ltr'>Paphlagonas</span> <span class='ocrx_word' id='word_1_201' title='bbox 451 2828 626 2907; x_wconf 77' lang='lat' dir='ltr'>appellatos3</span> <span class='ocrx_word' id='word_1_202' title='bbox 648 2828 718 2908; x_wconf 71' lang='lat' dir='ltr'>‘qui</span> <span class='ocrx_word' id='word_1_203' title='bbox 737 2845 796 2886; x_wconf 92' lang='lat' dir='ltr'>non</span> <span class='ocrx_word' id='word_1_204' title='bbox 815 2826 1000 2902; x_wconf 85' lang='lat' dir='ltr'>erubesceret,</span> 
     </span>
     <span class='ocr_line' id='line_1_27' title="bbox 70 2919 999 3002; baseline 0.004 -24"><span class='ocrx_word' id='word_1_205' title='bbox 70 2939 84 2978; x_wconf 88' lang='lat' dir='ltr'>o</span> <span class='ocrx_word' id='word_1_206' title='bbox 109 2927 216 2995; x_wconf 83' lang='lat' dir='ltr'>natus,</span> <span class='ocrx_word' id='word_1_207' title='bbox 233 2921 386 2982; x_wconf 76' lang='lat' dir='ltr'>&#39;homines</span> <span class='ocrx_word' id='word_1_208' title='bbox 406 2923 514 3002; x_wconf 82' lang='lat' dir='ltr'>linguae</span> <span class='ocrx_word' id='word_1_209' title='bbox 534 2941 596 2982; x_wconf 83' lang='lat' dir='ltr'>suae</span> <span class='ocrx_word' id='word_1_210' title='bbox 614 2941 667 2999; x_wconf 90' lang='lat' dir='ltr'>per</span> <span class='ocrx_word' id='word_1_211' title='bbox 687 2923 872 2998; x_wconf 85' lang='lat' dir='ltr'>interpretem</span> <span class='ocrx_word' id='word_1_212' title='bbox 892 2919 999 2982; x_wconf 88' lang='lat' dir='ltr'>audire.</span> 
     </span>
     <span class='ocr_line' id='line_1_28' title="bbox 70 3017 1000 3096; baseline 0.004 -23"><span class='ocrx_word' id='word_1_213' title='bbox 70 3034 242 3074; x_wconf 64' lang='lat' dir='ltr'>immonem</span> <span class='ocrx_word' id='word_1_214' title='bbox 257 3017 371 3076; x_wconf 89' lang='lat' dir='ltr'>consuli</span> <span class='ocrx_word' id='word_1_215' title='bbox 381 3017 470 3078; x_wconf 85' lang='lat' dir='ltr'>vellet</span> <span class='ocrx_word' id='word_1_216' title='bbox 483 3017 626 3092; x_wconf 88' lang='lat' dir='ltr'>eumdem,</span> <span class='ocrx_word' id='word_1_217' title='bbox 637 3018 722 3094; x_wconf 86' lang='lat' dir='ltr'>cnjus</span> <span class='ocrx_word' id='word_1_218' title='bbox 732 3017 875 3096; x_wconf 81' lang='lat' dir='ltr'>arguisset</span> <span class='ocrx_word' id='word_1_219' title='bbox 887 3017 1000 3077; x_wconf 78' lang='lat' dir='ltr'>menda</span> 
     </span>
     <span class='ocr_line' id='line_1_29' title="bbox 70 3111 1000 3193; baseline 0.002 -23"><span class='ocrx_word' id='word_1_220' title='bbox 70 3111 287 3171; x_wconf 84' lang='lat' dir='ltr'>tlcxandrum</span> <span class='ocrx_word' id='word_1_221' title='bbox 299 3111 389 3171; x_wconf 85' lang='lat' dir='ltr'>filium</span> <span class='ocrx_word' id='word_1_222' title='bbox 409 3113 610 3193; x_wconf 84' lang='lat' dir='ltr'>agnoscentis?</span> <span class='ocrx_word' id='word_1_223' title='bbox 629 3111 760 3172; x_wconf 81' lang='lat' dir='ltr'>⁸scilicet</span> <span class='ocrx_word' id='word_1_224' title='bbox 773 3113 889 3189; x_wconf 71' lang='lat' dir='ltr'>veritum,</span> <span class='ocrx_word' id='word_1_225' title='bbox 903 3133 939 3173; x_wconf 91' lang='lat' dir='ltr'>ne</span> <span class='ocrx_word' id='word_1_226' title='bbox 959 3114 1000 3173; x_wconf 94' lang='lat' dir='ltr'>in·</span> 
     </span>
     <span class='ocr_line' id='line_1_30' title="bbox 71 3206 1001 3288; baseline 0.002 -22"><span class='ocrx_word' id='word_1_227' title='bbox 71 3229 98 3266; x_wconf 88' lang='lat' dir='ltr'>m</span> <span class='ocrx_word' id='word_1_228' title='bbox 123 3214 226 3284; x_wconf 87' lang='lat' dir='ltr'>esset,</span> <span class='ocrx_word' id='word_1_229' title='bbox 251 3207 332 3286; x_wconf 88' lang='lat' dir='ltr'>quod</span> <span class='ocrx_word' id='word_1_230' title='bbox 353 3207 404 3266; x_wconf 91' lang='lat' dir='ltr'>Dii</span> <span class='ocrx_word' id='word_1_231' title='bbox 426 3207 566 3268; x_wconf 82' lang='lat' dir='ltr'>offerrent.</span> <span class='ocrx_word' id='word_1_232' title='bbox 615 3206 688 3270; x_wconf 79' lang='lat' dir='ltr'>(lim</span> <span class='ocrx_word' id='word_1_233' title='bbox 708 3208 893 3270; x_wconf 86' lang='lat' dir='ltr'>insidiaretur</span> <span class='ocrx_word' id='word_1_234' title='bbox 912 3209 1001 3288; x_wconf 87' lang='lat' dir='ltr'>capiti</span> 
     </span>
     <span class='ocr_line' id='line_1_31' title="bbox 71 3302 1001 3381; baseline 0.001 -20"><span class='ocrx_word' id='word_1_235' title='bbox 71 3311 82 3361; x_wconf 92' lang='lat' dir='ltr'>t</span> <span class='ocrx_word' id='word_1_236' title='bbox 98 3303 214 3379; x_wconf 86' lang='lat' dir='ltr'>amici,</span> <span class='ocrx_word' id='word_1_237' title='bbox 232 3322 298 3362; x_wconf 93' lang='lat' dir='ltr'>non</span> <span class='ocrx_word' id='word_1_238' title='bbox 311 3302 487 3362; x_wconf 85' lang='lat' dir='ltr'>consuluisse</span> <span class='ocrx_word' id='word_1_239' title='bbox 501 3323 566 3362; x_wconf 88' lang='lat' dir='ltr'>eum</span> <span class='ocrx_word' id='word_1_240' title='bbox 579 3303 701 3381; x_wconf 81' lang='lat' dir='ltr'>Jovem;</span> <span class='ocrx_word' id='word_1_241' title='bbox 716 3323 791 3364; x_wconf 89' lang='lat' dir='ltr'>nune</span> <span class='ocrx_word' id='word_1_242' title='bbox 804 3305 842 3364; x_wconf 86' lang='lat' dir='ltr'>ad</span> <span class='ocrx_word' id='word_1_243' title='bbox 853 3305 1001 3365; x_wconf 90' lang='lat' dir='ltr'>oraculum</span> 
     </span>
     <span class='ocr_line' id='line_1_32' title="bbox 82 3395 1062 3480; baseline -0.001 -24"><span class='ocrx_word' id='word_1_244' title='bbox 82 3399 172 3457; x_wconf 73' lang='lat' dir='ltr'>duim</span> <span class='ocrx_word' id='word_1_245' title='bbox 188 3405 288 3476; x_wconf 83' lang='lat' dir='ltr'>pater</span> <span class='ocrx_word' id='word_1_246' title='bbox 301 3401 365 3476; x_wconf 88' lang='lat' dir='ltr'>ejus</span> <span class='ocrx_word' id='word_1_247' title='bbox 379 3397 583 3460; x_wconf 88' lang='lat' dir='ltr'>sollicitaretur</span> <span class='ocrx_word' id='word_1_248' title='bbox 603 3400 654 3480; x_wconf 89' lang='lat' dir='ltr'>qui</span> <span class='ocrx_word' id='word_1_249' title='bbox 673 3401 775 3479; x_wconf 75' lang='lat' dir='ltr'>pressit</span> <span class='ocrx_word' id='word_1_250' title='bbox 794 3401 825 3460; x_wconf 92' lang='lat' dir='ltr'>in</span> <span class='ocrx_word' id='word_1_251' title='bbox 839 3400 950 3473; x_wconf 78' lang='lat' dir='ltr'>Media,</span> <span class='ocrx_word' id='word_1_252' title='bbox 971 3404 1001 3456; x_wconf 93' lang='lat' dir='ltr'>et</span> <span class='ocrx_word' id='word_1_253' title='bbox 1057 3395 1062 3404; x_wconf 87' lang='lat'>&#39;</span> 
     </span>
     <span class='ocr_line' id='line_1_33' title="bbox 85 3491 1001 3575; baseline -0.007 -21"><span class='ocrx_word' id='word_1_254' title='bbox 85 3513 167 3572; x_wconf 78' lang='lat' dir='ltr'>quse</span> <span class='ocrx_word' id='word_1_255' title='bbox 184 3496 262 3570; x_wconf 87' lang='lat' dir='ltr'>ejus</span> <span class='ocrx_word' id='word_1_256' title='bbox 278 3494 418 3556; x_wconf 78' lang='lat' dir='ltr'>custodiae</span> <span class='ocrx_word' id='word_1_257' title='bbox 432 3495 586 3556; x_wconf 86' lang='lat' dir='ltr'>commissa</span> <span class='ocrx_word' id='word_1_258' title='bbox 601 3496 649 3572; x_wconf 86' lang='lat' dir='ltr'>sit,</span> <span class='ocrx_word' id='word_1_259' title='bbox 663 3497 792 3575; x_wconf 89' lang='lat' dir='ltr'>perditos</span> <span class='ocrx_word' id='word_1_260' title='bbox 812 3494 942 3553; x_wconf 87' lang='lat' dir='ltr'>homines</span> <span class='ocrx_word' id='word_1_261' title='bbox 962 3491 1001 3550; x_wconf 87' lang='lat' dir='ltr'>cd</span> 
     </span>
    </p>
   </div>
   <div class='ocr_carea' id='block_1_3' title="bbox 72 3587 1001 3952">
    <p class='ocr_par' dir='ltr' id='par_1_3' title="bbox 72 3587 1001 3952">
     <span class='ocr_line' id='line_1_34' title="bbox 72 3587 1001 3670; baseline -0.004 -22"><span class='ocrx_word' id='word_1_262' title='bbox 72 3611 109 3648; x_wconf 91' lang='lat' dir='ltr'>m</span> <span class='ocrx_word' id='word_1_263' title='bbox 127 3589 278 3649; x_wconf 82' lang='lat' dir='ltr'>sceleris</span> <span class='ocrx_word' id='word_1_264' title='bbox 292 3590 430 3669; x_wconf 80' lang='lat' dir='ltr'>impellat</span> <span class='ocrx_word' id='word_1_265' title='bbox 473 3591 558 3670; x_wconf 88' lang='lat' dir='ltr'>Ipsos</span> <span class='ocrx_word' id='word_1_266' title='bbox 570 3592 711 3652; x_wconf 88' lang='lat' dir='ltr'>missuros</span> <span class='ocrx_word' id='word_1_267' title='bbox 725 3592 763 3650; x_wconf 90' lang='lat' dir='ltr'>ad</span> <span class='ocrx_word' id='word_1_268' title='bbox 772 3587 928 3661; x_wconf 85' lang='lat' dir='ltr'>oraculum,</span> <span class='ocrx_word' id='word_1_269' title='bbox 942 3605 1001 3644; x_wconf 92' lang='lat' dir='ltr'>non</span> 
     </span>
     <span class='ocr_line' id='line_1_35' title="bbox 72 3679 1000 3766; baseline 0 -24"><span class='ocrx_word' id='word_1_270' title='bbox 72 3705 122 3743; x_wconf 78' lang='lat' dir='ltr'>sm</span> <span class='ocrx_word' id='word_1_271' title='bbox 151 3685 369 3764; x_wconf 86' lang='lat' dir='ltr'>interrogent,</span> <span class='ocrx_word' id='word_1_272' title='bbox 390 3686 467 3766; x_wconf 87' lang='lat' dir='ltr'>qued</span> <span class='ocrx_word' id='word_1_273' title='bbox 489 3707 525 3746; x_wconf 87' lang='lat' dir='ltr'>ex</span> <span class='ocrx_word' id='word_1_274' title='bbox 546 3687 628 3766; x_wconf 88' lang='lat' dir='ltr'>Rege</span> <span class='ocrx_word' id='word_1_275' title='bbox 650 3683 850 3764; x_wconf 85' lang='lat' dir='ltr'>cognoverint;</span> <span class='ocrx_word' id='word_1_276' title='bbox 878 3679 930 3740; x_wconf 88' lang='lat' dir='ltr'>sed</span> <span class='ocrx_word' id='word_1_277' title='bbox 950 3681 1000 3760; x_wconf 87' lang='lat' dir='ltr'>qui</span> 
     </span>
     <span class='ocr_line' id='line_1_36' title="bbox 73 3774 1000 3858; baseline -0.001 -21"><span class='ocrx_word' id='word_1_278' title='bbox 73 3786 176 3858; x_wconf 84' lang='lat' dir='ltr'>gant,</span> <span class='ocrx_word' id='word_1_279' title='bbox 196 3778 265 3858; x_wconf 88' lang='lat' dir='ltr'>qui</span> <span class='ocrx_word' id='word_1_280' title='bbox 281 3786 351 3838; x_wconf 83' lang='lat' dir='ltr'>vota</span> <span class='ocrx_word' id='word_1_281' title='bbox 363 3799 416 3857; x_wconf 92' lang='lat' dir='ltr'>pro</span> <span class='ocrx_word' id='word_1_282' title='bbox 437 3781 635 3839; x_wconf 89' lang='lat' dir='ltr'>incolumitate</span> <span class='ocrx_word' id='word_1_283' title='bbox 658 3777 750 3856; x_wconf 87' lang='lat' dir='ltr'>Regis</span> <span class='ocrx_word' id='word_1_284' title='bbox 771 3774 872 3854; x_wconf 92' lang='lat' dir='ltr'>optimi</span> <span class='ocrx_word' id='word_1_285' title='bbox 893 3777 1000 3856; x_wconf 88' lang='lat' dir='ltr'>persol-</span> 
     </span>
     <span class='ocr_line' id='line_1_37' title="bbox 73 3872 1000 3952; baseline -0.002 -18"><span class='ocrx_word' id='word_1_286' title='bbox 73 3875 167 3934; x_wconf 84' lang='lat' dir='ltr'>l&#39;um</span> <span class='ocrx_word' id='word_1_287' title='bbox 185 3875 277 3936; x_wconf 71' lang='lat' dir='ltr'>vend&gt;</span> <span class='ocrx_word' id='word_1_288' title='bbox 299 3873 435 3936; x_wconf 85' lang='lat' dir='ltr'>universa</span> <span class='ocrx_word' id='word_1_289' title='bbox 456 3875 555 3934; x_wconf 91' lang='lat' dir='ltr'>concio</span> <span class='ocrx_word' id='word_1_290' title='bbox 577 3891 696 3932; x_wconf 87' lang='lat' dir='ltr'>accensa</span> <span class='ocrx_word' id='word_1_291' title='bbox 716 3876 770 3946; x_wconf 85' lang='lat' dir='ltr'>est,</span> <span class='ocrx_word' id='word_1_292' title='bbox 785 3877 815 3930; x_wconf 90' lang='lat' dir='ltr'>et</span> <span class='ocrx_word' id='word_1_293' title='bbox 834 3891 853 3932; x_wconf 90' lang='lat' dir='ltr'>a</span> <span class='ocrx_word' id='word_1_294' title='bbox 873 3872 1000 3952; x_wconf 83' lang='lat' dir='ltr'>corporis</span> 
     </span>
    </p>
   </div>
   <div class='ocr_carea' id='block_1_4' title="bbox 0 0 1268 4390">
    <p class='ocr_par' dir='ltr' id='par_1_4' title="bbox 0 0 1268 4390">
     <span class='ocr_line' id='line_1_38' title="bbox 0 0 1268 4390; baseline 0 0"><span class='ocrx_word' id='word_1_295' title='bbox 0 0 1268 4390; x_wconf 95' lang='lat' dir='ltr'> </span> 
     </span>
    </p>
   </div>
  </div>
 </body>
</html>
