2520 4390
232 361 289 421 114
579 379 718 432 cururr
745 378 886 422 curru

228 517 344 576 condita
372 537 389 576 a
417 515 536 578 Graecis.
589 517 639 578 Ibi
663 518 771 578 stativa
793 518 862 578 Rex
889 516 1002 591 habuit,
1032 513 1204 575 commestibu

227 613 355 690 undique
380 611 518 672 advectis.
561 613 666 693 Itaque
685 633 793 687 rumor,
816 613 904 672 otiosi
923 611 1034 670 militis
1047 611 1153 682 vitium,
1165 607 1205 664 sire

227 714 343 765 auctore
365 707 537 785 percrebuit,
556 707 669 786 Regem
691 715 856 768 contentum
878 709 965 766 rebus
998 726 1075 785 quas
1095 703 1204 784 gessisset,

227 802 257 860 in
283 801 483 862 Macedoniam
505 803 638 881 protinus
660 803 756 862 redire
779 803 925 864 statuisse.
967 802 1143 860 Discurrunt
1161 796 1205 871 lyn-

225 895 322 974 phntis
337 898 448 956 similes
462 898 492 955 in
514 897 708 973 tabernacula,
723 905 753 957 et
772 898 873 956 itineri
889 897 1022 956 sarcinas
1045 899 1156 972 aptant:
1172 889 1205 962 sig·

225 1011 294 1049 num
308 992 408 1050 datum
423 991 564 1067 crederes,
578 999 612 1050 ut
625 1012 695 1052 vasa
709 993 886 1072 colligerent.
923 991 1011 1050 Totis
1024 979 1204 1048 castristnnul·

225 1091 282 1158 tus,
297 1085 364 1143 hinc
388 1086 609 1146 contubernales
632 1107 700 1146 suos
722 1087 942 1166 requirentium,
965 1087 1037 1144 hinc
1060 1079 1204 1143 onerantium

224 1180 363 1257 plaustra,
378 1181 526 1258 perfertur
537 1182 574 1240 ad
588 1181 708 1261 Regem.
753 1182 894 1241 Fecerant
906 1181 994 1238 fidem
1006 1177 1116 1239 rumori
1128 1169 1202 1232 tenert'

224 1274 342 1353 vulgato
357 1274 453 1336 Graeci
466 1276 585 1351 milites,
600 1277 695 1338 redire
707 1277 784 1354 jussi
799 1276 920 1350 domos,
943 1295 1073 1354 quorum
1094 1266 1203 1350 equitibssl

224 1369 346 1449 singulis
360 1372 544 1432 denariorum
558 1391 627 1432 sena
639 1371 734 1430 millia
748 1371 823 1430 dono
840 1371 970 1430 dederat.
1030 1368 1109 1447 Ipsis
1121 1374 1201 1442 qnoque

223 1467 309 1524 linem
332 1467 446 1526 militiae
460 1467 562 1530 adesse
576 1467 739 1527 credebant.
802 1465 893 1524 Haud
910 1469 991 1524 secie
1006 1466 1098 1545 quim
1110 1457 1202 1538 parerat

223 1563 344 1619 territus
359 1563 536 1638 Alexander,
551 1563 601 1641 qui
616 1562 707 1621 Indos
717 1569 805 1640 atque
817 1563 827 1590 ⁹
837 1561 943 1620 ultima
954 1559 1091 1622 Orientis
1101 1562 1216 1634 pertgtrt⁸

222 1656 381 1729 statuisset,
398 1656 558 1715 Praei'eotos
573 1657 719 1734 copiarum
740 1657 770 1714 in
791 1655 966 1715 Praetorium
986 1651 1137 1722 contrahit,
1150 1643 1201 1703 tlt>t

222 1748 318 1826 tisque
352 1751 498 1827 lacrymis,
521 1769 558 1809 ex
581 1751 677 1810 medio
700 1751 804 1830 gloriae
827 1752 920 1828 spatio
942 1750 1077 1811 revocari
1105 1763 1140 1816 se,
1155 1731 1199 1798 vill

222 1845 315 1922 magis
329 1849 416 1922 quarn
429 1845 548 1904 victoris
562 1846 709 1904 fortunam
729 1846 760 1904 in
777 1846 903 1923 patriam
917 1846 1088 1918 relaturum,
1103 1845 1199 1912 conqutt

223 1945 272 1997 tus
283 1947 342 1998 est:
364 1959 417 1998 neo
440 1939 495 2000 sibi
514 1937 659 2018 ignavimn'
681 1941 808 2000 militum
821 1941 937 2002 obstare
950 1941 1004 2000 sed
1026 1941 1145 2001 Deorum
1155 1921 1198 1986 'tull'

221 2034 307 2110 nram,
322 2035 372 2114 qut
386 2035 556 2095 fortissimis
568 2036 640 2097 viris
655 2037 784 2096 subitum
794 2037 897 2114 petrlae
908 2036 1086 2095 uestrarum
1097 2017 1198 2090 enoc

221 2137 294 2205 sent,
308 2132 396 2209 paulo
418 2139 485 2209 post
506 2131 537 2190 in
559 2130 689 2190 eamdem
711 2149 776 2189 cum
797 2119 911 2207 majore*
928 2131 1015 2189 laude
1038 2129 1158 2201 unaque
1172 2128 1197 2169 ἴθ’

221 2226 334 2285 (lituris.
398 2225 472 2286 Turn
494 2227 563 2286 vert
584 2247 636 2305 pro
651 2245 682 2284 se
709 2225 832 2304 quisque
859 2245 974 2302 operam
989 2244 1074 2284 suam
1088 2213 1196 2276 ”offelli

221 2323 389 2382 difficillima
410 2343 531 2403 quaeque
554 2342 683 2400 poscere,
707 2321 838 2400 polliceri
857 2321 984 2380 militum
1012 2332 1121 2400 qnoque
1144 2304 1196 2364 tlte*

220 2419 328 2494 quium,
357 2419 383 2475 si
409 2417 519 2475 animos
541 2435 640 2475 eorum
660 2417 720 2475 leni
747 2424 777 2474 et
804 2420 874 2494 apta
901 2415 1034 2475 oratione
1054 2401 1196 2494 permulcere

221 2511 240 2538 ¹¹
251 2509 399 2568 voluisset.
462 2511 491 2568 N
493 2513 621 2588 unquim
641 2511 780 2570 infractos
794 2517 825 2570 et
845 2511 973 2589 abjectos
987 2507 1142 2573 recessisse,
1153 2505 1195 2570 lul

219 2604 275 2662 ties
289 2604 381 2682 ipsius
395 2603 575 2664 alacritatem
589 2607 708 2664 attenti
723 2607 812 2664 animi
824 2607 943 2685 spiritus
959 2605 979 2634 ¹²
994 2604 1109 2665 haurire
1121 2583 1195 2674 poeno

219 2707 292 2760 seut.
336 2699 385 2759 Ita
399 2719 429 2759 se
443 2700 589 2759 facturum
603 2719 666 2760 esse
689 2701 857 2778 respondit,
878 2701 924 2760 illi
947 2701 1033 2760 modo
1049 2692 1122 2773 vulgi
1139 2691 1195 2744 wil

166 2831 172 2840 =
217 2803 414 2876 praepararent
427 2797 492 2858 sibi.
528 2795 664 2876 Satisque
681 2797 823 2872 omnibus,
838 2817 904 2876 quae
919 2796 976 2854 ¹³in
985 2815 1047 2855 rem
1056 2781 1195 2854 aideb&ntur

218 2912 290 2968 esse,
305 2895 480 2971 compositis,
495 2894 592 2954 vocari
614 2893 652 2952 ed
672 2893 835 2952 concionem
854 2893 1014 2952 exercitum
1034 2885 1126 2970 jussit,
1143 2861 1194 2950 ,pud

217 3007 304 3066 quem
318 2989 406 3047 talem
422 2990 579 3049 orationem
593 2989 702 3048 habuit.

280 3081 343 3140 ΙΙΙ.
366 3087 392 3142 6.
421 3085 684 3164 “Magnitudinem
711 3103 808 3142 rerum
835 3101 908 3162 quas
934 3082 1083 3159 gessimus,
1108 3062 1193 3161 ΨΜ

218 3177 400 3236 intuentibus
413 3179 505 3252 vobis,
525 3181 644 3238 minime
668 3179 774 3237 mirum
794 3186 848 3251 est,
864 3185 894 3236 et
917 3177 1091 3236 desiderium
1110 3159 1194 3245 quid1⁵¹

218 3280 249 3332 et
263 3273 428 3332 satietatem
449 3273 551 3352 gloriae
563 3295 721 3334 occurrere.
763 3273 807 3334 Ut
821 3273 954 3333 omittam
975 3271 1100 3352 Illyrios,
1114 3240 1193 3319 Tflld'

219 3370 271 3445 los,
293 3368 447 3443 Boeotiam,
473 3369 636 3446 Thraciam,
659 3369 803 3446 Spartam,
826 3367 962 3444 Achaeos,
985 3355 1193 3444 Peloponnesum

218 3483 339 3544 quorum
350 3463 408 3522 alia
422 3464 532 3521 ¹ductu
545 3481 619 3537 meo,
634 3462 692 3521 alia
713 3463 834 3541 imperio
855 3462 1040 3540 auspicioque
1061 3445 1191 3543 penituit?

218 3579 283 3620 ecee
297 3559 353 3620 orsi
368 3559 479 3638 bellum
497 3556 535 3615 ad
558 3556 793 3636 Hellespontum,
809 3557 905 3632 Ionas,
927 3556 1083 3628 AElolidem,
1104 3535 1192 3607 ,errrtss

219 3653 370 3716 Barbarise
393 3653 563 3733 impotentis
587 3653 754 3711 exemimus.
802 3651 935 3724 Cariam,
961 3650 1091 3728 Lydiam,
1114 3633 1190 3728 08Ρῆ

220 3749 340 3824 coeam,
352 3751 520 3828 Phrygiam,
531 3748 769 3826 Paphlagoniam,
791 3745 1004 3823 Pamphyliam,
1020 3739 1135 3804 Pisidas,
1148 3713 1192 3780 01¹¹·

221 3843 304 3916 ciem,
324 3843 447 3920 Syriam,
462 3844 629 3917 Phoenicen,
646 3841 823 3914 Armeniam,
849 3839 1008 3914 Persidem,
1034 3833 1135 3900 Mete,
1147 3814 1192 3876 Pl?
1221 3833 1222 3863 l
