2520 4390
370 359 495 400 niune
524 357 580 398 νι.
611 357 696 400 cer.
726 357 751 398 1.
1014 339 1067 398 109

50 498 167 558 Derim,
178 495 266 548 multia
284 495 387 564 quidem
397 494 546 548 vulnen'bue
559 496 706 557 conionum,
723 495 808 548 adhuc
824 500 911 548 temen
921 493 1068 562 spirantem,

52 596 106 630 esee
117 578 244 644 cognovit
280 577 329 637 Qui
346 577 468 644 applicito
480 576 592 644 captive,
604 580 661 628 edm
678 576 760 628 civem
777 594 809 628 ex
823 593 887 628 voce
903 575 1068 640 cognovisset,

49 656 81 708 id
91 661 183 710 saltem
193 657 323 726 presentie
333 659 439 708 fortunae
457 657 574 708 solatium
592 675 618 709 ee
635 658 730 708 habere
747 657 819 718 dixit,
836 657 905 726 qubd
916 657 985 724 apud
996 655 1069 706 intel·

50 741 181 792 lecturum
197 739 329 791 locuturue
349 746 422 801 esset,
439 755 487 789 nee
508 737 635 790 incessum
661 743 801 806 postremae
822 755 896 788 voces
919 735 1067 798 emieeurue;

50 835 160 886 naecque
169 821 314 870 Alexandro
325 817 433 886 perferri
439 819 521 885 jubet
566 821 598 870 Se
609 818 686 869 nullis
696 818 724 868 in
736 835 794 869 eum
810 817 957 870 meritorum
972 815 1068 878 officiis,

50 900 216 951 maximorum
225 906 309 951 autem
320 900 358 950 illi
369 899 511 951 debitorem
521 899 592 950 mori.
643 902 728 965 Agere
744 906 831 951 tamen
842 899 866 950 ei
882 899 1003 950 maximae
1014 914 1069 962 gra·

51 981 102 1031 tiae
117 997 164 1049 pro
181 981 310 1032 beneficiis
326 981 354 1031 in
371 985 485 1042 matrem,
503 981 642 1048 conjugem,
653 981 796 1048 liberosque
813 997 870 1031 suos
886 979 1019 1048 Mpeneie:
1036 977 1069 1029 lie

52 1063 119 1113 anim
137 1062 224 1124 vitam,
242 1069 269 1114 et
285 1061 389 1130 pristini
406 1067 486 1114 atetde
503 1061 680 1124 reverentiam,
692 1062 893 1130 dignitatemque
910 1075 1067 1114 concessam:

49 1143 101 1194 eibi
111 1149 197 1196 autem
213 1161 229 1194 a
246 1143 361 1209 cognatis
378 1149 456 1210 atque
474 1142 568 1204 amicis,
581 1144 674 1211 quibus
688 1150 714 1196 et
725 1161 805 1209 regna
821 1149 847 1196 et
863 1143 944 1194 vitam
961 1141 1068 1202 dederit,

48 1223 95 1272 illa
113 1223 198 1274 omnia
220 1231 310 1290 erepta
329 1241 388 1274 cese.
422 1223 525 1274 Preceri
544 1241 578 1284 ee,
589 1230 620 1274 ut
637 1223 676 1274 illi
695 1223 789 1275 victori
810 1230 936 1274 terrarum
957 1222 1070 1274 omnium

47 1303 185 1370 imperium
199 1304 337 1369 contingat
379 1304 508 1355 Ulticuem
525 1304 626 1354 sceleris
643 1321 704 1370 erga
720 1321 747 1355 ee
763 1304 912 1371 perpetrati,
923 1319 974 1353 nou
990 1303 1070 1354 eelim

47 1389 103 1445 sud,
115 1385 161 1435 scd
172 1384 281 1451 exempli
293 1384 455 1452 omniumque
466 1387 565 1449 Regum
581 1387 663 1444 ceued,
674 1401 725 1434 non
736 1384 871 1451 negligere,
882 1383 921 1434 illi
932 1386 988 1433 crim
999 1383 1070 1433 dccc·

47 1481 117 1524 rum,
135 1469 192 1513 tum
208 1463 272 1514 utile
289 1465 409 1514 futurum
459 1466 567 1530 Jamque
585 1463 705 1516 deficiens
726 1481 820 1532 aquam
840 1461 971 1531 poposcit,
994 1479 1070 1530 quam

49 1544 159 1594 allatam
182 1548 318 1610 postquam
342 1542 417 1604 bibit,
436 1544 589 1610 Polystratc,
609 1543 656 1610 qui
674 1559 730 1594 eam
749 1545 852 1606 tulerat,
879 1550 894 1574 “
903 1542 1023 1610 Quisquis
1044 1561 1071 1594 ea

48 1622 220 1684 mortalium,”
236 1623 328 1692 iuquit,
348 1625 420 1674 “hoc
437 1623 501 1674 mihi
519 1629 659 1676 extremum
675 1624 800 1676 unirereae
822 1623 973 1676 calamitatis
989 1640 1071 1690 genus

49 1702 154 1764 accidit,
166 1709 197 1754 ut
206 1721 254 1771 pre
264 1709 336 1754 tante
347 1703 375 1754 in
385 1720 425 1756 me
436 1703 560 1755 beneficio
571 1703 661 1770 dignae
672 1703 721 1756 tibi
736 1711 821 1772 grates
832 1705 926 1756 referre
937 1721 1067 1773 nequeam

47 1787 86 1835 At
96 1785 190 1835 reseret
200 1785 359 1836 Alexander:
376 1786 522 1836 Alexandro
533 1788 595 1836 verb
605 1785 649 1837 Dii
666 1803 714 1854 pro
733 1787 785 1854 ejus
795 1789 890 1837 summi
901 1785 929 1836 in
944 1802 1012 1836 meoe
1022 1787 1069 1836 hn-

47 1863 174 1914 munitate
191 1882 221 1916 ac
239 1863 375 1917 clementie
422 1865 470 1918 Oui
480 1867 528 1917 hoe
540 1866 601 1918 fidei
612 1866 687 1932 regiae
698 1866 802 1917 unicum
813 1869 908 1918 dextrae
919 1865 1011 1934 pignus
1021 1883 1069 1934 pro

47 1961 91 1995 mc
103 1941 198 1995 dabis!
246 1947 308 1996 Hoec
325 1945 458 2008 dicentem,
477 1939 583 2014 acce'ptd
600 1947 741 2014 Polystrati
757 1963 842 2009 manu,
860 1947 917 1999 vita
944 1945 1067 1998 destituit

48 2025 150 2084 Quibus
159 2027 304 2076 Alexandro
315 2026 449 2088 nunciatis,
462 2029 496 2078 ad
506 2045 598 2094 corpus
609 2028 734 2080 demortui
750 2029 908 2096 perveniens,
919 2034 972 2080 tam
988 2027 1069 2094 indig-

46 2123 111 2158 uam
132 2105 177 2156 illc
194 2107 295 2174 iaetigio
313 2115 420 2159 mortem
435 2108 556 2176 lacrymis
577 2116 726 2176 prosecutus
749 2115 793 2161 eet
837 2113 998 2178 Demptdque
1020 2110 1070 2162 eibi

47 2187 196 2253 chlamyde,
208 2205 299 2256 corpus
309 2188 377 2240 illiue
388 2189 515 2252 contexit;
533 2195 611 2258 atque
619 2189 690 2255 regio
698 2196 816 2241 ornatum
828 2192 906 2252 cultu,
919 2192 952 2242 ad
962 2196 1070 2241 matrem

46 2267 230 2336 Sieygambim,
241 2268 326 2336 patrio
342 2269 464 2338 regioque
479 2286 549 2320 more
565 2269 745 2338 sepeliendum,
762 2277 841 2340 atque
856 2271 933 2338 regila
948 2271 1071 2340 majorum
1167 2327 1170 2332 ,

46 2365 156 2401 suorum
167 2347 271 2400 tumulis
282 2349 448 2411 inferendum,
459 2349 548 2418 misit]

422 2876 591 2937 LIBER
625 2878 700 2940 VI.

472 3087 648 3134 Amu'ltm'ul.

86 3241 104 3280 1.
119 3239 190 3282 rrum
198 3242 254 3282 inter
261 3241 434 3282 Lecadamonlcc
441 3243 504 3292 etque
512 3241 637 3284 Macedones
645 3243 763 3296 deecrlptle,
772 3247 795 3288 et
806 3257 848 3298 pax
861 3247 887 3290 ab
895 3247 1016 3290 Alexandro
1025 3249 1068 3292 vic·

51 3307 95 3346 tore
103 3307 191 3356 uruca,
200 3308 238 3358 qul
246 3319 271 3349 ec
280 3307 367 3348 absente
376 3307 501 3358 defecerant,
511 3320 613 3351 concessa.

86 3372 105 3411 2
120 3370 240 3413 Alexander
248 3373 304 3430 belle
312 3374 411 3424 luvlctuu
420 3375 464 3415 otto
472 3377 494 3415 et
501 3373 583 3416 deltelle
590 3376 704 3429 mugitum
713 3377 770 3420 uude
779 3389 852 3420 rumor
860 3381 882 3421 lu
891 3379 970 3429 catria
978 3379 1018 3429 cul
1026 3379 1069 3418 ter·

93 3440 138 3478 tem
147 3447 175 3478 ex

51 3445 100 3544 ΜΞ
114 3439 236 3610 ulortddiia
244 3503 360 3546 Alexandri
368 3505 394 3546 ad
403 3506 480 3548 multa
489 3508 562 3557 endo,
571 3509 596 3548 ut
603 3507 683 3550 bellum
689 3510 712 3550 tu
718 3511 769 3552 Aeta
777 3511 907 3559 inchoatum,
914 3508 1069 3560 persequantur

51 3571 72 3609 et
84 3569 212 3678 &idaim
226 3637 276 3676 mlrt
289 3635 384 3678 numme
401 3637 519 3690 deecllptlc.
558 3639 679 3684 Alexander
695 3640 813 3684 Nabarzani
828 3649 867 3690 per
882 3638 964 3678 llttcm
977 3635 1068 3678 aluum

53 3705 153 3750 quatenu
167 3704 255 3744 ventam
268 3702 382 3752 pollicetur.
420 3704 504 3747 Deinde
516 3707 571 3748 merl
586 3707 662 3760 erepto
677 3703 1068 3757 etHyrceulffll³r⁰¹¹²1¹¹¹⁵ell¹¹0⁸l¹⁸¹¹¹

52 3763 441 3819 Darllproelectcereclpltlngratiem.
793 3768 797 3776 '

86 3831 105 3874 c.
117 3833 228 3884 areae,
237 3833 322 3874 summe
330 3845 380 3876 eum
388 3835 453 3878 eum
465 3835 617 3880 benevolente
629 3838 724 3886 uento,
733 3831 819 3882 ermen
827 3833 865 3884 cui
877 3832 968 3877 neuen
981 3833 1068 3886 seuve
