2622 4382
182 359 242 422 258
532 369 673 423 errari
701 365 843 410 coarrr

182 515 274 594 Rege,
288 513 318 572 in
341 509 445 573 eadam
458 509 527 572 seda
544 509 660 590 posuit:
681 525 803 587 quorum
825 509 945 582 aspectu
965 520 1067 564 rursus
1083 500 1204 565 otone
1307 457 1308 486 l

81 603 86 613 ¹
182 610 313 672 omnibns
327 608 463 686 lacrymae
476 607 658 684 integravere
672 604 792 663 luctum.
849 600 892 661 hit
906 599 1071 673 Perdiccas,
1102 598 1119 632 “
1132 597 1202 676 Ego

181 705 328 785 quidem,”
343 703 445 782 inquit,
461 706 478 736 “
488 701 634 775 annulum,
645 718 702 778 quc
711 697 762 758 ille
775 695 859 776 regni
872 701 960 772 atque
972 693 1087 771 imperii
1100 693 1203 752 ‘vires

182 801 333 878 obsignare
356 806 419 858 erat
441 797 554 870 solitus,
576 794 717 854 nuditum
739 793 775 853 ab
797 791 860 868 ipso
884 789 964 864 mihi,
987 789 1079 852 reddo
1104 788 1201 852 vobis.

185 896 331 960 (laeterhm
344 912 509 972 quanquam
523 890 604 950 nulla
616 888 714 948 clades
734 887 811 961 huic,
831 889 890 965 qud
910 885 1009 944 affecti
1022 903 1133 958 sumus,
1148 904 1204 962 par

183 989 219 1050 ab
233 989 317 1048 iratis
331 987 396 1046 Diis
411 983 569 1064 excogitari
582 989 695 1061 potest;
717 989 816 1040 tamen
836 979 1067 1059 magnitudinem
1087 999 1201 1054 rerum,

182 1103 254 1164 quas
268 1083 337 1160 egit,
352 1079 535 1140 intuentibus
557 1077 676 1139 credere
697 1077 776 1151 licet,
790 1075 925 1136 ⁴tantum
944 1075 1040 1136 virum
1055 1074 1135 1134 Deos
1158 1095 1203 1136 ac·

183 1178 381 1240 commodasse
394 1177 481 1238 rebus
494 1173 636 1248 humanis,
651 1192 774 1252 quarum
788 1178 867 1232 sorte
882 1169 1035 1248 completa,
1048 1171 1109 1228 citd
1118 1189 1201 1248 repe·

185 1280 281 1334 terent
301 1293 367 1332 eum
382 1291 443 1332 suae
464 1269 556 1348 stirpi
599 1267 729 1336 Proinde
750 1266 887 1346 quoniam
909 1265 985 1326 nihil
1005 1265 1087 1326 aliud
1107 1286 1146 1328 ex
1167 1285 1203 1326 eo

186 1377 327 1448 superest,
340 1371 428 1448 quam
441 1366 519 1446 quod
534 1384 646 1444 semper
657 1364 694 1424 ab
708 1361 927 1422 immortalitate
943 1361 1125 1435 subducitur,
1140 1381 1202 1422 cor-

185 1465 251 1542 pori
263 1464 428 1542 nominique
448 1461 663 1542 quamprimum
682 1463 764 1536 justa
785 1457 940 1533 solvamus,
962 1455 1041 1514 haud
1062 1455 1151 1516 obliti
1172 1456 1205 1516 in

186 1563 246 1638 qud
259 1559 340 1634 urba,
356 1559 432 1618 inter
453 1577 525 1636 quos
545 1557 644 1630 simus,
667 1555 747 1633 quali
770 1553 853 1632 Rege
875 1571 909 1610 ac
924 1551 1056 1612 Praeside
1071 1551 1202 1629 spoliati.

189 1652 386 1713 Tractandum
400 1659 454 1725 eat,
465 1649 686 1724 commilitones,
707 1647 959 1727 cogitandumque,
975 1646 1026 1704 'ut
1046 1647 1205 1708 victoriam

186 1754 301 1824 partam
314 1745 391 1804 inter
405 1745 466 1820 hos,
478 1745 629 1823 dequibus
642 1751 727 1822 parta
737 1751 790 1818 est,
806 1742 937 1805 obtinere
950 1741 1103 1820 possimus.
1149 1740 1203 1804 Oa

188 1839 249 1918 pite
273 1855 346 1916 opus
366 1847 419 1898 est.
463 1838 577 1898 Hocine
591 1857 657 1912 uno,
678 1857 715 1896 an
735 1837 878 1915 pluribus,
898 1837 930 1896 in
943 1839 1041 1898 vestra
1055 1843 1204 1914 potestate

187 1941 240 1994 ast.
282 1933 385 1994 ‘Illud
400 1934 472 1994 scire
487 1932 608 2008 debetis,
625 1932 783 1992 militarem
796 1932 859 1992 sine
873 1933 946 1992 duee
965 1931 1083 1992 turbam
1095 1951 1205 2010 corpus
1307 1961 1308 2022 j

188 2049 251 2092 esse
270 2030 332 2090 sine
347 2030 458 2109 spiritu
502 2029 609 2090 Sextus
630 2028 738 2088 mensis
752 2033 806 2102 est,
826 2047 862 2088 ex
883 2047 940 2107 quo
965 2026 1089 2086 Roxane
1110 2047 1204 2107 praeg
1307 2079 1308 2088 ,

188 2145 261 2188 nane
284 2133 336 2186 eat.
381 2125 534 2204 Optamus,
547 2131 582 2182 ut
603 2143 711 2182 marem
732 2123 875 2188 enitatur:
905 2125 969 2200 ejus
991 2141 1113 2200 regnum
1136 2122 1205 2182 Diis

190 2223 417 2302 approbantibus
430 2223 572 2296 futurum,
586 2220 701 2300 quando
715 2219 883 2279 adoleverit.
925 2217 1050 2280 Interim
1063 2218 1205 2298 aquibus

189 2319 252 2398 regi
262 2319 370 2393 velitiS,
386 2317 559 2376 destinate.”
602 2315 675 2376 Haec
690 2315 852 2376 Perdiccae.

253 2416 295 2470 17.
320 2411 395 2470 Tum
410 2411 568 2488 Nearchus,
577 2411 740 2470 Alexandri
753 2410 838 2470 modo
852 2408 1020 2488 sanguinem
1032 2427 1067 2468 ac
1078 2399 1205 2487 stirpem

189 2506 277 2584 regiae
297 2506 444 2582 majestati
458 2505 619 2579 convenire,
634 2506 778 2564 neminem
799 2505 842 2564 ait
855 2524 940 2582 posse
963 2504 1079 2564 mirari:
1100 2505 1205 2564 'caete

189 2601 256 2659 rrim
270 2599 417 2676 expectari
428 2599 555 2658 nondum
569 2606 665 2658 ortum
680 2599 802 2678 Regem,
812 2607 842 2658 et
851 2601 903 2680 qui
913 2602 976 2677 jam
984 2600 1033 2674 sit,
1046 2599 1204 2677 praetariri,

188 2715 242 2756 nee
256 2694 359 2756 animis
374 2693 567 2754 Macedonum
581 2695 741 2769 convenire,
755 2713 809 2754 nec
823 2695 949 2773 tempori
968 2713 1085 2756 rerum:
1108 2713 1205 2756 essee

190 2790 314 2852 Barsine
327 2790 420 2850 filium
434 2789 536 2870 Regis,
550 2788 618 2848 huic
638 2787 772 2848 diadema
785 2789 920 2848 dandum.
963 2788 1049 2848 Nulli
1069 2788 1205 2867 placebat

190 2888 292 2946 oratio.
336 2886 441 2966 Itaque
462 2905 514 2946 suo
535 2904 615 2944 more
628 2883 720 2944 hastis
743 2892 826 2944 scuta
848 2885 1020 2964 quatientes,
1034 2883 1204 2962 obstrepere

189 2983 422 3057 perseverabant.
473 2981 600 3061 Jamque
627 2983 718 3058 prope
740 2980 778 3040 ad
805 2979 977 3040 seditionem
1003 2985 1203 3058 pervenerant,

191 3075 325 3134 Nearcho
356 3077 536 3153 pervicacius
559 3083 660 3136 tuente
682 3077 861 3136 sententiam.
913 3075 989 3134 Tum
1012 3075 1202 3149 Ptolemaeus,

190 3173 207 3204 “
217 3170 227 3198 ⁸
238 3171 334 3247 Digna
348 3173 468 3248 prorsas
482 3180 528 3232 est
550 3173 693 3249 soboles,”
707 3173 811 3251 inquit,
826 3175 842 3205 “
852 3191 918 3250 quas
939 3171 1132 3232 Macedonum
1152 3171 1205 3230 im·

189 3272 271 3346 peret
280 3265 370 3344 genti,
385 3265 522 3324 Roxanes
535 3267 584 3326 vel
605 3267 743 3328 Barsines
757 3266 853 3328 filiusl
874 3269 958 3344 cujus
968 3285 1075 3326 nomen
1087 3266 1204 3344 qudqua

190 3361 339 3442 Europam
353 3360 448 3420 dicere
462 3360 583 3438 pigebit,
597 3365 707 3440 majore
721 3383 759 3422 ex
779 3370 861 3441 parte
875 3362 1008 3440 'captivi
1052 3361 1113 3422 Gur
1133 3362 1204 3422 Per·

190 3479 238 3520 aas
260 3457 423 3532 vicerimus,
443 3462 478 3515 ut
505 3456 590 3534 stirpi
617 3476 717 3518 eorum
744 3457 927 3518 serviamus?
957 3457 1035 3537 qaod
1059 3457 1135 3535 justi
1156 3457 1205 3520 illi

190 3553 288 3634 Reges
320 3552 429 3614 Darius
452 3556 483 3610 et
509 3549 624 3610 Xerxes
649 3559 695 3610 tot
716 3552 840 3613 millium
867 3553 1032 3629 agminibus
1055 3552 1205 3631 tantisque

187 3649 330 3710 classibus
353 3647 543 3728 nequicquam
570 3646 742 3724 petiverunt.
799 3647 869 3706 Mea
892 3649 1037 3707 sententia
1062 3647 1125 3708 haec
1148 3654 1203 3724 eet,

188 3749 224 3802 ut
243 3744 311 3802 aede
326 3742 489 3802 Alexandri
511 3743 542 3801 in
564 3741 646 3820 regit
669 3742 775 3819 posita,
789 3742 841 3822 qui
860 3743 988 3802 consiliis
1009 3745 1073 3821 ojus
1087 3742 1203 3804 adhibe

189 3833 302 3908 bantur,
324 3844 438 3912 oceane,
466 3837 580 3916 quoties
604 3838 634 3896 in
663 3855 812 3896 commuue
835 3837 967 3898 consulto
993 3855 1066 3914 opus
1090 3837 1203 3900 fuerit:
