2520 4390
366 387 489 432 arasa
515 385 572 430 vi.
604 389 688 431 oar.
719 387 775 431 ιν.
1023 375 1078 434 nt

60 531 195 610 equitatu
221 549 259 588 ca
274 528 368 588 stadia
391 547 532 606 emensus,
546 535 643 588 castra
662 529 694 587 in
706 527 792 604 vallo,
814 531 874 608 qut
896 529 1077 608 Hyrcaniam

59 627 201 700 ¹adennt,
226 625 389 684 communit.
443 624 557 684 Nemus
583 624 715 702 praealtis
742 625 896 704 densisque
923 625 1076 686 arboribus

58 721 229 780 umbrosum
253 727 306 796 ert,
333 719 444 798 pingue
470 717 557 778 vallis
583 719 677 778 solum
703 719 865 798 rigantibus
892 720 983 799 aquis,
1010 739 1076 799 quae

59 837 97 874 ex
111 816 203 893 petris
226 813 421 875 eminentibus
444 821 571 873 manant.
615 813 664 873 ux
677 813 749 892 ipsis
768 814 916 874 radicibus
934 816 1075 878 montium

62 911 193 970 Zioberis
217 910 309 969 amnis
334 909 502 986 effunditur,
516 909 567 988 qui
590 909 647 968 tria
670 910 732 968 ferd
753 909 849 968 stadia
868 909 898 967 in
919 909 1074 989 longitudi-

58 1025 124 1064 nem
151 1006 326 1066 ’universus
349 1005 434 1064 fluit:
469 1005 574 1064 deinde
604 1023 684 1073 saxo,
712 1004 791 1084 quod
819 1003 963 1066 alveolum
988 1006 1073 1066 inter

56 1101 157 1178 pellat,
192 1119 389 1178 repercussus,
424 1099 481 1158 duo
514 1099 621 1158 itinera
647 1099 748 1158 'velut
781 1099 956 1177 dispensatis
991 1101 1074 1180 aquis

55 1197 157 1274 aperit.
198 1196 294 1255 ⁴Iuda
316 1201 440 1270 torrens,
453 1201 484 1253 et
506 1213 641 1254 saxorum
663 1215 717 1272 per
735 1213 802 1273 quaa
826 1195 950 1254 incurrit
969 1195 1073 1273 asperi·

54 1298 115 1350 tate
135 1291 298 1364 uiolentior,
321 1297 430 1348 terram
451 1307 581 1366 praeceps
606 1289 693 1348 subit.
736 1290 796 1348 Per
817 1309 873 1347 oce
894 1291 990 1348 stadia
1010 1309 1073 1350 cou-

53 1385 138 1444 ditus
161 1384 282 1457 labitur,
296 1402 455 1460 rursusque
469 1383 552 1442 velut
573 1402 610 1440 ex
624 1383 779 1441 altofonte
800 1391 955 1461 conceptus
969 1385 1065 1444 editur

54 1487 87 1537 et
99 1497 209 1536 novum
224 1478 338 1537 alveum
350 1477 484 1551 intendit,
500 1477 596 1554 priore
607 1477 653 1535 sui
667 1486 750 1554 parte
759 1477 920 1554 spatiosior.
958 1477 1074 1558 Quippe

54 1573 88 1631 in
113 1573 301 1656 latitudinem
322 1589 376 1630 xm
398 1573 557 1631 stadiorum
580 1572 771 1648 diffunditur-3
793 1591 950 1652 rursusque
971 1593 1074 1654 angus-

54 1669 181 1728 tioribus
195 1667 340 1728 coercitus
349 1667 420 1745 ripis
441 1668 498 1726 iter
517 1667 615 1746 cogit:
636 1668 754 1728 tandtuu
776 1669 807 1726 in
821 1667 945 1728 alterum
959 1689 1071 1731 amnem

53 1765 142 1839 eadit,
166 1763 325 1840 (Rhidago
347 1781 450 1822 nomen
472 1767 540 1841 est.)
583 1763 692 1822 Incolae
714 1761 902 1842 affirmabant,
928 1785 1072 1845 quaeeum·

53 1879 110 1938 que
125 1859 249 1918 demissa
262 1865 359 1918 essent
372 1859 402 1917 in
416 1878 577 1934 cavernam,
590 1877 657 1938 qum
671 1859 790 1938 propior
803 1868 849 1919 est
862 1861 946 1936 fonti,
960 1880 1071 1937 rursus,

54 1955 107 2014 ubi
121 1955 202 2014 aliud
216 1973 248 2014 os
270 1955 363 2013 amnis
385 1955 489 2032 aperit,
505 1954 639 2014 existere.
685 1955 792 2035 ltaque
806 1955 977 2015 Alexander
999 1957 1073 2016 duos

53 2051 183 2126 ‘tam-os,
192 2051 251 2128 qud
262 2049 389 2108 subeunt
397 2067 482 2127 aquae
492 2055 608 2126 terram,
617 2051 794 2127 praecipitari
805 2051 909 2126 jubet:
930 2053 1072 2130 'quorum

52 2163 183 2221 corpora,
196 2145 248 2203 ubi
269 2145 374 2204 rursus
394 2144 530 2220 erumpit,
545 2144 666 2220 expulsa
678 2144 789 2218 videre,
803 2145 854 2224 qui
874 2145 958 2203 missi
978 2153 1071 2221 erant,

52 2247 89 2298 ut
105 2240 279 2316 exciperent.

116 2339 142 2395 8.
166 2333 309 2404 Quartum
328 2333 391 2408 jam
411 2331 489 2390 diem
511 2331 611 2390 eodem
623 2330 686 2390 loco
699 2331 826 2410 quietem
836 2332 925 2392 militi
945 2334 1072 2413 dederat,

52 2431 123 2488 crim
135 2428 252 2488 litteras
267 2425 455 2502 Nabarzanis,
469 2425 519 2504 qui
533 2425 654 2486 Darium
675 2445 739 2486 eum
759 2427 852 2486 Besso
872 2428 1072 2508 interceperat,

52 2525 167 2604 accipit,
182 2541 304 2604 quarum
317 2521 460 2583 sententia
473 2522 535 2582 haro
549 2529 629 2582 erat:
650 2522 718 2584 “Se
737 2523 830 2582 Dario
849 2543 907 2583 nou
927 2525 1016 2587 fuisse
1030 2527 1072 2586 iu-

51 2621 179 2694 imioum,
201 2619 258 2678 imo
282 2618 370 2678 etiam
389 2638 455 2696 quae
477 2617 645 2678 credidisset
666 2617 752 2676 utilia
775 2637 848 2694 esse,
876 2621 1018 2682 suasisse:
1041 2629 1073 2681 et

51 2715 121 2794 quia
143 2715 227 2773 fidele
251 2713 403 2774 consilium
426 2713 503 2792 Regi
530 2711 665 2788 dedisset,
689 2713 778 2793 prope
805 2713 930 2773 occisum
963 2715 1001 2774 ab
1027 2733 1070 2778 so.

52 2810 213 2889 ⁷Agitasse
234 2809 366 2884 Darium,
381 2809 543 2870 custodiam
558 2809 685 2886 corporis
708 2808 754 2866 sui
779 2810 946 2884 contraius
972 2809 1072 2889 fasque

51 2906 203 2983 peregrino
224 2903 314 2962 militi
335 2903 459 2979 tradere,
472 2903 610 2962 damnata
633 2901 814 2979 popularium
826 2901 891 2976 fide,
912 2921 997 2981 quam
1019 2923 1072 2982 per

53 3001 195 3059 ducentos
216 3004 246 3056 et
267 2997 389 3075 triginta
410 3017 500 3057 annos
514 2997 683 3058 inviolatam
698 2995 830 3074 Regibus
850 2997 910 3057 suis
922 3001 1071 3076 praestitis·

53 3101 127 3156 sent
160 3094 199 3154 Se
219 3093 251 3152 in
271 3091 415 3170 precipiti
428 3100 459 3151 et
471 3093 581 3155 lubrico
595 3099 729 3167 stantem,
742 3091 893 3152 consilium
906 3113 925 3152 a
935 3097 1072 3174 praesenti

53 3189 225 3252 necessitate
238 3192 388 3266 repetisse.
420 3186 542 3246 Darium
553 3205 674 3264 quoque,
689 3187 757 3245 adm
770 3187 920 3249 occidisset
932 3189 1071 3270 Bagoam,

54 3285 109 3344 bac
122 3283 302 3344 executione
316 3281 492 3342 satisfecisse
511 3281 706 3360 popularibus,
720 3282 798 3360 qudd
816 3283 1000 3344 insidiantem
1013 3283 1071 3342 sibi

55 3380 256 3440 interemisset.
299 3377 385 3438 Nihil
412 3395 477 3438 esse
502 3375 615 3438 miseris
641 3377 809 3439 mortalibus
833 3380 941 3457 spiritu
967 3377 1069 3436 carim

55 3477 164 3535 Amore
185 3477 247 3552 ojus
260 3475 318 3545 ⁸ad
337 3474 442 3534 ultima
465 3491 528 3533 esse
547 3472 734 3550 propulsum:
755 3473 806 3534 aad
827 3493 863 3532 ea
888 3471 995 3549 magia·
1009 3487 1072 3530 sue

56 3577 194 3646 mutum,
208 3589 274 3648 quse
294 3569 435 3648 coegissot
457 3569 620 3644 necessitas,
641 3571 729 3647 quam
749 3588 815 3646 quse
842 3570 978 3643 optasset
1034 3563 1072 3624 In

57 3666 201 3725 communi
214 3665 379 3724 calamitate
397 3683 477 3726 suam
490 3683 630 3744 quemque
643 3664 749 3724 habere
763 3665 917 3720 fortunam
980 3659 1013 3719 si
1026 3677 1072 3720 ve·

55 3763 118 3822 nire
132 3779 163 3819 se
173 3761 300 3837 juberet,
315 3762 377 3818 sino
386 3765 466 3818 metu
476 3777 538 3818 esse
547 3766 709 3819 venturum.
743 3754 811 3812 Non
824 3753 927 3838 timere
939 3773 976 3812 ua
987 3754 1073 3816 fidem

57 3857 155 3916 datam
168 3861 270 3914 tantm
283 3853 492 3914 Rexviolaret.
534 3853 645 3912 Deosa
658 3851 720 3917 Deo
730 3847 979 3910 falliuonsolere.
1012 3851 1074 3912 Gas-
