2600 4394
216 389 254 448 tc
565 403 710 452 ourrrr
737 403 878 444 ooarn

215 543 305 622 puppi
330 548 487 617 oneratam,
501 541 545 602 ita
557 548 592 600 nt
605 542 733 600 multum
756 561 842 619 prora
865 540 1012 614 emineret,
1027 539 1175 604 bitumine
1196 563 1227 602 ae

216 637 355 714 sulphure
379 637 485 696 illitam
509 636 596 696 remis
619 636 855 696 concitaverunt:
876 638 990 694 etcum
1013 655 1151 714 magnam
1171 639 1229 698 vim

214 732 296 794 venti
309 731 374 792 vela
388 751 502 810 quoqne
521 731 726 808 concepissent,
741 731 874 790 celeriter
888 729 926 788 cd
945 729 1052 788 molem
1077 734 1227 792 suecessit.

217 825 300 886 Tunc
313 830 401 904 prore
415 828 479 903 ejus
493 830 622 900 accensa,
637 825 759 904 remiges
773 823 909 884 desilidre
922 825 953 882 in
966 823 1096 901 scaphas,
1110 846 1182 904 quaa
1194 828 1228 886 ad

215 921 270 980 hoc
285 921 382 998 ipsum
405 927 575 998 preparatae
599 919 800 998 sequebantur.
843 919 937 978 Navis
961 927 1067 994 autem,
1082 919 1153 996 igne
1166 943 1227 982 eoa·

216 1023 307 1092 nepte,
319 1015 412 1074 latius
421 1015 543 1074 fundere
553 1015 718 1074 incendium
731 1014 837 1091 eoepit:
852 1015 939 1092 quod,
949 1015 1119 1093 priusqubm
1130 1025 1228 1093 posset

216 1110 336 1185 occurri,
348 1117 452 1184 turres,
464 1116 494 1168 et
507 1117 612 1170 caetera
625 1129 712 1186 opera
722 1110 753 1168 in
767 1108 879 1186 ¹capite
892 1109 976 1176 molis
989 1109 1085 1186 posita
1098 1129 1227 1188 eompre-

216 1205 323 1264 hendit.
354 1204 462 1283 Atqui
476 1204 644 1264 desilierunt
657 1204 689 1262 in
698 1223 788 1280 parva
800 1203 926 1281 nauigia,
937 1204 1024 1278 iaces,
1039 1210 1070 1262 et
1083 1205 1228 1284 quidquid

215 1301 318 1360 alendo
338 1301 401 1380 igni
420 1308 522 1378 aptum
545 1307 617 1374 erat,
632 1300 664 1358 in
677 1299 777 1358 eadem
801 1318 890 1376 opera
912 1299 1056 1377 ingerunt
1100 1299 1227 1380 Jamque

214 1415 272 1456 non
296 1397 381 1456 mcdd
406 1395 598 1456 Macedonum
617 1402 722 1468 turres,
744 1394 795 1453 sed
819 1393 906 1452 etiam
928 1393 1060 1452 'summa
1084 1394 1226 1469 tabulata,
1286 1421 1287 1450 1

216 1497 406 1568 conceperant
429 1491 542 1570 ignem:
571 1491 640 1548 culm
663 1490 694 1564 ii,
719 1489 770 1566 qui
794 1488 824 1548 in
849 1488 979 1548 turribus
1003 1495 1094 1563 erant,
1118 1491 1226 1566 partim
1286 1491 1287 1494 ’

215 1587 401 1644 haurirentur
415 1585 565 1660 incendio;
587 1583 694 1660 partim
709 1583 798 1641 armis
811 1582 927 1642 omissis
940 1582 971 1640 in
983 1602 1061 1644 mare
1076 1584 1227 1661 semetipsi

215 1679 413 1738 immitterent
465 1680 509 1736 At
536 1678 628 1755 Tyrii,
652 1677 702 1756 qui
729 1677 849 1755 'cupere
873 1695 931 1752 ecs,
953 1677 1041 1756 quiem
1064 1677 1228 1738 interlicere

215 1772 344 1846 mellent,
354 1771 516 1830 natantium
526 1789 629 1830 manus
640 1771 789 1848 stipitibus
801 1773 935 1852 saxisque
945 1771 1121 1848 lacerabant,
1135 1773 1229 1833 donec

217 1866 365 1928 debilitati
378 1866 494 1942 impune
508 1865 631 1944 navigiis
646 1865 740 1944 excipi
760 1875 894 1944 possent:
915 1886 968 1926 nec
982 1867 1115 1925 incendic
1130 1869 1229 1928 solum
1286 1873 1287 1942 ἴ

217 1981 304 2039 opera
318 1967 496 2037 consumpta,
511 1960 562 2018 sed
576 1961 651 2018 forte
666 1961 767 2020 ecdem
782 1961 828 2020 die
842 1961 1037 2022 vehementior
1050 1970 1156 2021 ventus
1170 1985 1229 2024 mc
1286 1955 1287 2018 Ῐ

215 2064 278 2116 tum
301 2075 338 2114 ex
357 2055 500 2134 profundo
523 2075 602 2115 mare
616 2055 702 2114 illisit
720 2056 751 2114 in
774 2057 888 2131 molem,
904 2057 1066 2135 crebrisque
1089 2058 1230 2119 fluctibus
1284 2129 1285 2134 η

215 2169 366 2231 compages
390 2151 485 2230 operis
506 2151 665 2212 verberate
689 2170 719 2212 se
743 2151 886 2225 laxavere,
908 2171 1032 2229 saxaque
1057 2151 1229 2214 interfluens
1284 2155 1285 2192 ἲ

215 2248 432 2308 undamedicm
447 2267 518 2325 opus
542 2247 629 2324 rupit.
673 2246 810 2305 Prorutis
833 2244 923 2324 igitur
936 2245 1066 2323 lapidum
1090 2249 1227 2323 cumulis,

214 2345 320 2422 quibus
333 2345 440 2421 injecta
454 2350 532 2400 terra
552 2342 758 2414 sustinebatur,
772 2359 900 2418 praeceps
913 2341 944 2398 in
958 2340 1134 2417 profundum
1155 2345 1227 2418 ruit,

215 2445 361 2514 tantaeque
384 2437 469 2494 molis
483 2436 533 2494 vix
552 2437 614 2494 ulla
627 2436 748 2513 vestigia
768 2435 890 2509 invenit,
904 2435 941 2494 ab
956 2435 1071 2494 Arabia
1096 2436 1227 2514 rediens,

215 2529 391 2589 Alexander.

278 2628 322 2682 12.
344 2622 423 2680 ⁴Hic
435 2622 523 2700 (quod
537 2623 568 2680 in
582 2622 709 2682 adversis
723 2623 810 2684 rebus
825 2623 898 2682 solet
910 2623 985 2702 fieri)
1000 2624 1074 2682 alius
1089 2625 1119 2682 in
1134 2626 1229 2686 alium

202 2719 328 2798 ¹culpam
342 2718 496 2792 referebat,
512 2719 579 2776 edm
600 2737 698 2776 omnes
712 2719 831 2778 ‘veritis
846 2718 881 2776 de
896 2719 1011 2778 saevitid
1030 2718 1120 2776 maris
1140 2721 1230 2798 queri

213 2822 337 2893 possent.
379 2814 467 2874 “Rex
481 2813 549 2872 novi
563 2813 658 2890 operis
668 2813 773 2872 molem
787 2832 878 2888 orsus,
889 2813 1082 2881 inadversum
1092 2823 1228 2890 ventum,

212 2929 269 2968 non
294 2911 394 2982 latere,
411 2909 462 2968 scd
484 2911 566 2968 recta
585 2909 689 2984 fronte,
703 2908 825 2967 direxit:
846 2909 901 2965 ⁷ea
920 2915 1023 2966 caetera
1043 2927 1130 2984 opera
1142 2911 1229 2968 velut

213 3004 268 3062 sub
282 3004 347 3079 ipsa
361 3003 481 3061 latentia
495 3004 641 3064 tuebatur.
684 3002 886 3060 Latitudinem
899 3021 1012 3082 quoque
1033 3003 1133 3080 aggeri
1146 3004 1229 3081 adje-

213 3099 262 3171 cit,
283 3105 318 3155 ut
342 3105 439 3156 turres
464 3097 494 3154 in
517 3098 612 3156 medio
637 3105 751 3172 erectae,
771 3095 873 3174 procul
896 3097 949 3156 teli
973 3099 1056 3174 jactu
1079 3096 1227 3157 abessent

214 3192 305 3250 Totas
320 3198 416 3250 antem
430 3191 546 3251 arbores
558 3212 624 3252 cum
634 3192 800 3271 ingentibus
814 3192 902 3250 ramis
912 3192 943 3250 in
954 3191 1046 3252 cltum
1056 3192 1206 3268 jaciebant
1220 3215 1227 3254 :

213 3285 316 3346 deinde
331 3285 409 3344 saxis
423 3285 588 3345 onerabant.
631 3287 750 3346 Rursus
771 3286 886 3346 cumulo
901 3305 1000 3346 eorum
1014 3287 1088 3346 aliae
1103 3287 1228 3348 arbores

212 3381 389 3458 injiciebant
433 3379 508 3438 Tum
528 3380 633 3439 humus
659 3382 860 3460 aggerebatur,
880 3381 1041 3462 ‘superque
1062 3381 1119 3441 alia
1140 3390 1228 3442 strue

211 3495 346 3535 saxorum
360 3473 553 3553 arborumque
567 3476 726 3551 cumulata,
740 3477 821 3536 velut
834 3477 959 3560 quodam
978 3495 1056 3536 nexu
1070 3475 1229 3536 continens

210 3589 282 3647 opus
293 3574 459 3648 junxerant.
502 3569 532 3628 N
533 3588 565 3628 ec
580 3567 672 3648 uyrii,
683 3571 826 3650 quidquid
836 3571 874 3630 ad
888 3571 1100 3648 impediendam
1113 3569 1226 3630 mclem

211 3666 370 3742 excogitari
403 3671 527 3744 poterat,
562 3665 689 3742 segniter
722 3666 962 3744 exsequebantur.
1017 3665 1224 3742 'Praecipuum

210 3759 351 3817 auxilium
365 3767 434 3835 erat,
448 3759 500 3838 qui
514 3760 613 3836 procul
633 3759 760 3818 hostium
774 3768 930 3837 conspectu
951 3760 1086 3820 subibant
1104 3779 1222 3838 aquam,

210 3851 379 3930 occultoque
394 3855 477 3930 lapsu
492 3853 528 3912 ad
542 3854 646 3912 molem
660 3873 753 3932 usque
768 3853 966 3930 penetrabant,
981 3853 1104 3912 falcibus
1119 3853 1220 3928 palmi·
