2622 4382
417 409 536 452 urrann
562 409 613 450 rx.
642 409 723 451 car.
751 406 803 452 vr.
1054 393 1111 451 ssi

103 547 174 628 qnid
197 547 266 608 nori
288 547 433 622 afferrent,
454 547 523 627 quia
548 549 636 608 simul
658 555 807 623 venerant,
830 554 1018 628 percontatur
1043 567 1114 608 num

103 643 232 703 hostium
246 661 346 702 recens
366 643 553 702 nunciaretur
566 644 717 704 adventus.

164 741 212 797 20.
234 738 279 797 At
293 737 440 812 Gruterus,
456 739 503 796 cui
522 739 691 798 mandatum
705 745 777 814 erat,
791 743 826 796 nt
838 738 994 798 amicorum
1013 756 1115 816 preces

104 834 246 911 perferret
260 835 296 892 ad
318 853 392 908 eum,
414 832 629 909 “⁶(iredirne,”
643 833 748 913 inquit,
770 837 786 868 “
797 833 925 893 advermn
944 834 1038 912 magis
1051 833 1114 894 hos·

104 929 188 1003 tium,
203 935 237 987 nt
253 932 314 1006 jam
334 929 363 987 in
377 927 454 988 vallo
468 929 668 1004 consisterent,
683 930 772 1008 quam
792 933 864 988 curi
878 929 985 988 salutis
999 936 1068 1006 tuce,
1080 935 1116 988 ut

103 1043 181 1082 nnnc
201 1032 245 1084 est
265 1025 320 1085 tibi
334 1025 410 1099 vilis,
424 1043 479 1084 nos
501 1043 564 1084 essa
586 1023 753 1085 sollicitos?
793 1024 983 1096 Quantalibet
995 1026 1041 1086 vis
1058 1043 1115 1084 om·

103 1121 182 1178 nium
195 1121 326 1198 gentium
339 1121 485 1198 conspiret
504 1121 535 1179 in
547 1139 609 1195 nos,
624 1120 745 1198 impleat
766 1122 855 1179 armis
868 1121 998 1200 virisque
1020 1127 1115 1180 totum

103 1215 209 1290 orbem,
223 1215 366 1276 classibus
379 1215 472 1273 maria
484 1221 659 1289 consternat,
674 1215 833 1274 inusitatas
852 1215 967 1274 belluas
987 1217 1115 1294 inducat,

102 1317 137 1368 tn
149 1329 202 1368 uos
215 1309 370 1387 praestabis
383 1309 517 1367 invicto.
561 1307 620 1368 scd
639 1308 706 1386 quis
720 1307 848 1366 Deorum
867 1309 922 1367 hoc
936 1309 1116 1368 Macedonim

103 1404 237 1464 columen
261 1423 294 1462 ac
315 1403 396 1462 sidus
421 1403 589 1462 dictamum
609 1403 673 1461 fore
694 1401 826 1479 polliceri
847 1409 952 1480 potest,
967 1403 1034 1461 crim
1056 1411 1117 1462 tam

103 1499 191 1558 aridis
205 1497 367 1556 manifestis
386 1497 524 1575 periculis
544 1497 648 1555 offeras
668 1515 782 1574 corpus,
796 1497 924 1556 ‘oblitus
944 1503 991 1556 tot
1009 1498 1117 1558 civium

103 1593 216 1653 animas
239 1593 355 1652 trahere
369 1599 399 1652 te
412 1593 443 1650 in
457 1591 578 1652 casum?
631 1591 705 1663 Quis
729 1592 807 1651 enim
830 1591 886 1652 tibi
906 1600 1054 1670 superstes
1067 1601 1118 1653 aut

103 1695 187 1766 optat
213 1707 283 1762 csse,
309 1695 359 1746 aut
386 1687 505 1766 potest?
554 1687 602 1748 uo
625 1688 818 1765 pervenimus,
841 1689 1002 1766 auspicium
1029 1696 1117 1769 atquc

103 1783 258 1860 imperium
280 1784 374 1842 secuti
394 1791 484 1858 tuum,
499 1783 576 1842 undo
590 1784 647 1842 nisi
661 1791 692 1842 tc
708 1783 823 1858 reduce,
838 1783 914 1844 nulli
937 1784 975 1842 ad
996 1791 1117 1862 penam

101 1897 172 1938 suos
186 1879 244 1938 iter
257 1879 332 1938 est.”

163 1977 182 2008 ‘⁴
192 1975 202 2004 ⁷
211 1973 297 2044 Quod
311 1973 337 2032 si
350 1974 444 2032 adhuc
456 1973 495 2032 dc
514 1973 648 2033 Persidis
660 1993 750 2053 regno
764 1993 829 2034 cnm
849 1974 940 2033 Dario
954 1975 1117 2053 dimicares,

104 2069 161 2128 etsi
192 2087 276 2128 nemo
300 2069 399 2144 vellet,
423 2077 519 2127 tamen
545 2089 582 2128 ne
609 2069 748 2128 admirari
774 2069 892 2148 quidem
919 2077 1028 2146 posset,
1056 2077 1117 2128 tam

103 2171 246 2242 promptae
270 2181 333 2222 esse
359 2170 389 2222 tc
414 2164 451 2222 ad
476 2183 559 2222 omne
587 2163 743 2222 discrimen
771 2163 909 2222 audaciae.
962 2163 1039 2222 Nam
1066 2163 1118 2223 nbi

103 2259 188 2336 paria
202 2264 270 2316 sunt
284 2257 444 2334 periculum
459 2277 493 2315 ac
506 2257 667 2334 praemium,
682 2263 713 2315 et
727 2257 881 2316 'secundis
894 2256 981 2316 rebus
996 2256 1120 2334 amplior

20 2391 27 2405 -
103 2355 218 2412 fructus
241 2359 294 2426 est,
310 2359 340 2411 et
363 2352 493 2412 adversis
518 2351 654 2410 solatium
677 2355 780 2428 maJus.
822 2351 906 2409 ⁹Tuo
930 2351 998 2410 verb
1022 2351 1118 2429 capite

104 2446 260 2524 ignobilem
274 2447 371 2506 vicmu
385 2447 442 2505 emi
465 2446 532 2526 quis
553 2445 637 2520 ferat,
658 2465 715 2504 non
740 2452 859 2504 tuorum
872 2445 958 2504 modd
980 2445 1117 2520 militnm,

105 2541 158 2600 sed
179 2539 269 2600 ullius
292 2541 380 2599 etiam
402 2541 500 2620 gentis
520 2540 652 2601 barbaras
671 2540 784 2614 ·¹⁰oivis,
799 2541 850 2618 qui
873 2547 954 2598 tuam
975 2541 1118 2619 magnitu-

106 2637 203 2696 dinem
220 2635 326 2698 noviti
366 2637 481 2696 Horret
501 2637 614 2694 animus
641 2635 817 2715 cogitatione
844 2635 896 2710 rei,
920 2655 1008 2715 quam
1029 2635 1119 2714 panib

106 2734 174 2790 ante
188 2733 322 2792 vidimus.
365 2734 384 2762 ¹¹
395 2732 503 2811 Eloqui
529 2733 629 2806 timeo,
650 2732 753 2791 invicti
777 2731 907 2808 corporis
931 2731 1032 2808 spoliis
1045 2731 1118 2789 iner-

105 2829 235 2886 tissimos
248 2846 349 2886 manus
363 2829 454 2886 fuisse
468 2827 635 2904 injecturos,
650 2827 707 2884 nisi
721 2833 751 2884 tc
767 2826 990 2902 1²interceptum
1009 2825 1119 2884 miseri·

105 2941 171 2982 cors
185 2922 216 2978 in
229 2939 282 2978 nos
296 2921 415 2978 fortuna
429 2923 603 2980 servasset.”

168 3019 186 3050 “
199 3015 335 3074 Totidem
356 3015 527 3092 proditores,
542 3015 666 3074 totidem
690 3014 856 3072 desertores
876 3033 984 3090 sumus,
998 3021 1071 3094 quot
1088 3021 1119 3074 tc

106 3131 165 3171 non
188 3111 338 3188 potuimus
357 3109 499 3188 persequi.
542 3110 561 3138 ¹¹
571 3109 729 3170 Universos
752 3108 824 3168 licet
845 3109 1004 3187 ignominia
1027 3117 1118 3186 notes,

106 3227 191 3266 nemo
216 3205 364 3264 recusabit
384 3205 464 3263 luere
488 3204 528 3278 id,
543 3204 630 3283 quod,
644 3223 681 3262 ne
703 3204 881 3280 admitteret,
902 3213 1039 3283 praestare
1061 3227 1119 3266 non

106 3303 209 3380 potuit.
252 3302 360 3360 Patere
382 3317 444 3373 nos,
459 3319 565 3378 quaeso‚
580 3299 638 3358 alio
657 3299 744 3358 modo
766 3319 827 3359 esse
841 3301 913 3360 viles
936 3302 1000 3362 tibi.
1043 3301 1119 3371 Quo·

108 3415 231 3474 cumque
249 3395 381 3472 jusseris,
396 3394 522 3454 ibimus:
543 3394 667 3454 obscura
686 3393 823 3472 pericula,
838 3403 869 3454 et
891 3396 1035 3475 ignobiles
1049 3413 1119 3471 pug-

107 3511 161 3550 nas
174 3491 259 3550 nobis
273 3490 474 3567 deposcimus3
497 3489 681 3567 temetipsum
703 3491 741 3549 ad
763 3510 798 3550 ea
821 3509 914 3564 serva,
928 3509 994 3568 qum
1013 3487 1120 3565 magni·

108 3587 240 3645 tudinem
254 3593 335 3644 tuam
357 3585 508 3664 “capiunt
553 3573 620 3646 (titt
644 3585 739 3666 gloria
762 3585 918 3647 obsolescit
941 3585 972 3641 in
996 3581 1121 3642 sordidis

108 3681 251 3740 hostibus.
295 3679 324 3739 N
327 3699 359 3738 ec
380 3681 537 3759 quidquam
560 3680 707 3758 indignius
729 3688 784 3754 est,
798 3679 888 3758 quim
901 3675 1033 3735 consumi
1051 3693 1122 3753 eam,

108 3777 160 3836 ubi
173 3797 230 3836 non
250 3777 345 3854 possit
365 3776 509 3835 ostendi.”
551 3775 664 3834 Eadem
677 3777 741 3833 fare
762 3773 950 3844 Ptolemaeus,
966 3777 996 3828 et
1016 3771 1124 3830 similia

110 3873 147 3929 iis
170 3873 277 3930 caeteri.
331 3871 457 3948 Jamque
481 3870 611 3928 confusis
633 3869 753 3928 vocibus
776 3867 877 3924 flentes
901 3885 966 3923 eum
992 3866 1122 3940 orabunt,
