2600 4394
174 337 214 398 60
522 352 662 406 quiunt
689 351 841 395 enauit.

176 491 213 554 ad
232 489 459 570 persequendam
468 489 584 550 hastan
605 489 732 550 mimum
751 489 896 565 iucendit;
917 488 1145 567 quippenam
1168 494 1205 548 et

175 585 329 666 populante
356 604 390 644 ee
416 592 534 660 terram,
561 584 755 644 festinandum
780 592 852 660 erat,
872 603 908 642 ne
934 582 1066 643 incendic
1085 589 1203 642 cunata

176 679 349 760 preriperet
411 678 448 740 Iu
481 679 623 740 rationem
656 684 725 760 erge
759 679 913 739 necessitas
946 697 1046 738 versa:
1078 678 1200 757 quippe

178 775 314 850 Mazaeus,
333 773 385 854 qui
408 777 495 834 antea
513 776 585 852 ⁹per
606 773 698 834 etium
723 773 804 836 vicos
825 773 998 849 incenderat,
1015 775 1078 849 jum
1091 773 1202 851 fugere

177 875 339 946 contentus,
352 869 490 948 pleraque
509 869 650 928 inuiolata
670 868 749 928 hosti
759 868 887 948 reliquit.
927 867 1095 930 Alexander
1117 868 1203 926 haud

178 963 294 1044 longiis
308 971 423 1024 centum
435 962 626 1041 quadnagiuta
639 963 742 1022 stadiis
761 962 997 1024 Darium-abesae
1005 969 1200 1039 compererat.

179 1058 284 1138 Itaque
306 1058 345 1118 ad
367 1057 529 1118 satietatem
551 1076 661 1136 quaque
684 1057 768 1136 eopia
791 1064 999 1119 commeatuum
1024 1058 1201 1132 nicaenus,

179 1152 374 1234 quatriduoin
387 1151 563 1212 eedemlcao
576 1151 716 1212 substitit
828 1201 831 1206 .
1058 1155 1064 1161 '

240 1251 287 1310 ll.
307 1248 481 1326 interceptae
502 1247 608 1308 deiude
632 1247 715 1308 Darii
736 1247 844 1308 littere
870 1254 946 1322 suut,
966 1247 1072 1326 quibus
1099 1247 1204 1310 Gnaeci

179 1344 290 1411 milites
303 1344 541 1419 sollicitabantur,
554 1350 589 1403 ut
608 1343 720 1422 Regem
738 1343 1005 1417 internatus-eut
1018 1343 1201 1420 proderent:

182 1440 381 1520 dubitavitque
393 1460 431 1500 au
444 1459 494 1500 eas
514 1459 566 1517 pre
579 1440 714 1499 concione
733 1437 878 1512 ueeitaret,
892 1439 965 1498 satis
978 1438 1101 1498 conlisus
1116 1437 1202 1500 (im

137 1609 142 1618 ἱ
181 1554 413 1614 eorumquoque
438 1554 507 1614 erga
526 1553 558 1592 se
577 1532 915 1594 benevelentiaeacfidei.
957 1531 1015 1594 Sed
1039 1533 1202 1594 Pannenic

182 1629 334 1702 deterruit,
348 1648 406 1686 nou
418 1647 479 1686 esse
501 1627 611 1686 talibus
623 1627 771 1703 promissis
790 1627 961 1688 imbuendas
973 1646 1055 1688 aures
1068 1628 1202 1687 militum

183 1724 342 1797 affirmans3
365 1724 384 1750 ¹⁰
394 1728 494 1798 patere
506 1721 553 1783 vel
565 1721 651 1780 unius
663 1720 780 1782 insidiis
791 1723 922 1802 Regem:
951 1721 1026 1782 nihil
1038 1723 1121 1782 nefas
1137 1743 1201 1786 esse

183 1816 322 1878 avarities
377 1815 500 1876 Secutus
526 1815 640 1876 consilii
672 1801 827 1892 auctorem,
853 1824 948 1878 castra
979 1817 1077 1876 moria
1135 1819 1201 1878 Iter

163 1910 315 1990 'facienti
336 1909 426 1987 spado
452 1930 526 1970 unus
548 1930 585 1970 ex
605 1911 737 1987 captivis,
758 1913 808 1990 qui
832 1911 916 1972 Darii
938 1931 1057 1972 merem
1079 1914 1200 1974 eomin-

183 2007 297 2081 bnutur,
312 2005 432 2066 delicere
444 2025 510 2064 eam
521 2005 649 2081 nunciat,
663 2013 693 2065 et
705 2007 756 2068 vix
776 2007 912 2084 spiritum
923 2006 1034 2072 ducere.
1074 2007 1200 2070 Itineris

183 2100 314 2162 continui
337 2101 435 2162 labore
458 2101 602 2180 animique
621 2102 793 2178 egritudine
813 2101 946 2180 fatigata,
959 2102 1036 2160 inter
1050 2109 1149 2164 sectts
1169 2113 1198 2166 et

184 2196 329 2277 virgiuum
349 2196 473 2258 filiarum
493 2216 596 2256 manus
610 2197 766 2274 ¹¹eellapsa
788 2203 867 2272 erat,
891 2195 995 2256 dende
1010 2203 1040 2255 et
1059 2198 1197 2258 minen

186 2294 206 2324 ¹²
218 2293 257 2354 Id
277 2294 374 2371 ipsum
385 2292 532 2368 nuncians,
546 2293 622 2354 alius
643 2291 815 2370 superuenit
866 2291 911 2352 Et
921 2291 997 2366 Rex,
1010 2291 1089 2352 haud
1101 2296 1198 2368 seces

184 2391 272 2466 quam
285 2389 311 2448 si
324 2389 454 2464 parentis
466 2406 544 2446 mers
563 2387 699 2446 nunciata
718 2393 801 2460 esset,
815 2385 930 2448 crebros
948 2386 1042 2446 edidit
1053 2387 1196 2466 gemitum

185 2480 373 2558 laerymiaque
397 2479 516 2553 obortis,
539 2480 639 2557 quales
666 2481 774 2540 Darius
800 2481 983 2558 profudisset,
1010 2481 1042 2540 iu
1067 2482 1197 2544 nieme
1275 2547 1276 2568 ἓ

185 2574 291 2650 culum,
305 2573 337 2632 iu
362 2591 418 2651 quo
441 2579 533 2632 mater
559 2580 623 2632 erut
645 2573 738 2649 Darii,
766 2574 899 2634 &nuncto
926 2576 1054 2636 assidens
1073 2579 1197 2654 eeupnri,
1275 2609 1276 2618 ι

185 2667 271 2732 uenit.
313 2667 374 2728 Hic
395 2667 463 2728 vead
485 2673 638 2729 renovatus
661 2674 705 2726 est
725 2687 839 2744 maeror,
861 2676 895 2728 ut
918 2677 1091 2747 prostratam
1117 2672 1197 2732 humi

186 2763 279 2826 vidit:
309 2761 416 2824 sacnti
440 2761 517 2825 male
543 2761 671 2840 priorum
697 2783 813 2842 queque
837 2764 982 2824 admonita
1001 2773 1147 2843 receperat
1166 2767 1198 2826 iu

185 2859 326 2938 gremium
339 2859 454 2918 adultas
466 2857 602 2938 virgines,
615 2878 719 2938 magua
728 2859 843 2938 quidem
855 2859 948 2920 mutui
962 2858 1071 2919 doloris
1084 2861 1196 2936 sehtin,

186 2953 237 3012 aed
250 2953 355 3030 quibus
367 2953 432 3030 ipsa
445 2953 561 3014 deberet
581 2973 643 3014 esse
655 2953 767 3014 solatio.
819 2952 857 3012 In
869 2962 1023 3030 conspeetu
1035 2961 1098 3013 enat
1110 2973 1197 3032 nepos

186 3046 332 3126 parvulus,
354 3047 391 3108 ob
411 3046 559 3126 idipsum
572 3047 756 3122 miserabilis,
780 3047 888 3126 ”quud
907 3048 1036 3108 ncuddm
1054 3050 1198 3110 sentiebat

186 3140 388 3216 calamitatem,
401 3141 527 3203 maxima
539 3161 576 3202 ax
598 3149 680 3221 parte
700 3141 738 3200 ad
758 3141 853 3220 ipsum
873 3143 1089 3204 redundantem
1131 3144 1197 3206 Ore·

187 3235 269 3296 deres
282 3235 480 3296 Alexandrum
492 3235 567 3299 inter
580 3256 647 3298 suas
655 3236 882 3300 necessitudines
894 3239 970 3314 llere,
982 3245 1013 3298 et
1024 3237 1130 3300 ¹solatia
1140 3259 1198 3300 unu

187 3330 332 3405 adhibere,
359 3329 411 3388 sed
443 3348 577 3407 quernae.
640 3330 713 3392 cibo
739 3332 818 3390 cene
852 3331 1001 3408 abstinuit,
1031 3352 1198 3412 omnemque

187 3427 322 3487 honorem
333 3425 439 3500 funeri,
453 3423 548 3501 patric
562 3425 715 3484 Persarum
727 3445 815 3501 mone,
828 3427 971 3488 smus:
993 3428 1011 3456 ²⁴
1019 3427 1123 3506 dignus
1135 3428 1196 3488 her·

187 3522 261 3596 ciale,
282 3521 332 3600 qui
358 3539 433 3580 nune
455 3539 568 3598 queque
590 3525 681 3578 tmen
702 3521 931 3585 mausuetudinis
956 3529 987 3580 et
1013 3521 1197 3584 wutiueutise

188 3615 262 3694 leuat
284 3617 417 3676 fluctum.
459 3613 555 3676 Semel
577 3613 691 3674 omnint)
715 3633 779 3674 eam
803 3615 954 3692 ¹⁶viderat,
973 3635 1031 3694 quc
1051 3616 1098 3674 die
1117 3623 1198 3693 napta

191 3717 242 3784 ast,
255 3728 307 3768 nec
328 3719 362 3774 ut
380 3712 482 3792 ipsam,
497 3709 549 3770 sed
568 3715 603 3768 ut
622 3707 707 3770 Darii
727 3717 848 3772 matrem
859 3710 989 3770 videret:
1010 3711 1197 3789 eximiamque
