2600 4394
384 381 507 422 arnna
536 379 599 422 111.
631 381 717 422 oar.
746 381 819 422 v11.
1074 364 1108 422 17

105 537 170 598 gem,
183 517 346 598 adplenum
358 518 441 580 bonae
461 517 522 597 spei
543 519 621 580 feeit
672 517 786 598 Itaque,
809 517 898 579 ¹¹“Si
912 517 993 594 Dii,”
1006 517 1111 596 inquit,

107 617 121 648 “
130 613 270 691 Philippo,
284 614 339 676 tibi
352 615 558 692 permisissent,
579 633 636 693 quo
649 614 773 673 maximia
786 614 870 673 modo
884 613 1010 672 animum
1024 611 1112 673 velles

28 721 30 726 '
107 708 222 785 experiri
242 727 344 784 meum,
368 709 426 768 alio
450 709 579 786 profeotd
603 708 760 785 voluissem
790 708 842 768 sed
863 708 1013 768 oertiorem
1024 709 1113 786 quam

108 810 235 882 expertus
262 823 302 879 es,
325 823 362 862 na
388 807 520 882 optasses
551 803 672 882 quidem.
729 803 796 862 Hae
829 803 952 881 epistola
985 806 1113 879 aoeaptt,

107 903 194 956 tamen
216 898 292 976 quod
315 897 442 958 dilueres
454 896 534 974 hihi;
556 905 586 957 et
607 917 682 956 nuno
703 899 795 973 erede,
808 918 854 957 mo
873 915 931 956 non
951 896 1049 955 mimis
1062 915 1114 974 pro

108 996 154 1052 tua
166 991 229 1067 fide,
242 995 330 1071 quam
342 1013 395 1070 pro
407 997 472 1052 med
483 994 575 1053 salute
584 1011 647 1052 esse
660 993 845 1053 sollieitum”
887 991 961 1052 Haeo
974 991 1114 1064 elocutus,

109 1087 249 1146 dexteram
262 1088 399 1166 Philippo
414 1089 505 1148 offert.

33 1259 36 1266 Δ
165 1185 206 1242 15.
229 1180 375 1244 caeram
398 1189 481 1242 tanta
501 1182 547 1244 ris
570 1181 768 1242 medicaminis
787 1181 855 1258 fuit,
875 1187 997 1260 atquae
1019 1185 1143 1239 secum

23 1313 34 1328 ψ
108 1283 177 1353 sunt,
208 1276 436 1336 criminationem
469 1271 669 1337 Parmenionis
702 1276 875 1354 adjuverint.
937 1275 1117 1336 Interclusus

108 1370 223 1448 spiritus
250 1373 329 1430 arete
354 1371 478 1445 meabat,
499 1390 553 1429 neo
579 1371 737 1447 Philippus
758 1369 915 1448 quidquam
936 1369 1118 1446 inexpertum

108 1465 209 1526 omisit.
262 1465 319 1524 Ille
342 1465 468 1523 fomenta
481 1463 603 1542 (eorpori
630 1461 755 1540 admisit,
781 1463 834 1522 ille
858 1469 1020 1542 torpentem
1046 1483 1119 1525 nuno

108 1561 171 1635 oibi,
195 1577 270 1619 nune
292 1561 312 1588 ¹⁴
321 1559 381 1619 vini
403 1561 490 1618 odore
509 1559 654 1620 excitavit.
697 1560 802 1639 Atque,
816 1565 850 1618 ut
870 1557 1119 1636 primrlmlmentis

108 1642 266 1732 oompoteni
284 1673 346 1713 esse
366 1654 465 1730 sensit,
487 1653 571 1713 modd
592 1653 704 1729 matris,
719 1673 912 1733 sororumque,
925 1653 1010 1712 modd
1030 1659 1120 1712 tantae

108 1748 233 1808 viotoriae
258 1749 513 1828 appropinquantis
541 1747 691 1808 admonere
718 1767 776 1808 non
805 1749 927 1808 destitit.
979 1747 1022 1809 Ut
1050 1747 1119 1807 vero

108 1843 341 1903 medicamentum
366 1863 397 1903 ae
424 1843 542 1904 diffudit
566 1845 599 1902 in
608 1833 717 1920 ''venaq
738 1851 769 1903 et
792 1845 898 1904 sensim
919 1849 982 1902 toto
1002 1861 1120 1920 corpore

109 1938 259 2000 salubritas
272 1938 383 2017 pereipi
402 1939 508 2017 potuit,
521 1939 614 2016 primd
637 1939 748 1998 animus
761 1939 890 2018 vigorem
911 1957 1003 2014 mum,
1017 1937 1121 1996 deinde

109 2051 208 2110 eorpus
221 2053 331 2112 quoque
345 2033 542 2111 expectatione
555 2033 700 2092 maturius
714 2033 914 2112 recuperavit:
935 2033 1041 2112 quippe
1055 2039 1122 2110 post

109 2128 226 2184 tertium
240 2127 325 2201 diem,
339 2131 426 2206 qnam
445 2127 477 2185 in
496 2127 551 2185 hoe
573 2114 654 2186 statu
673 2128 780 2202 fuerat,
791 2128 822 2186 in
844 2135 1027 2204 conspertum
1049 2125 1122 2185 mili·

108 2228 172 2280 tum
198 2220 285 2279 venit.
342 2219 405 2278 Neo
433 2219 549 2280 avidids
576 2221 671 2298 ipsum
693 2221 814 2299 Regem,
840 2223 929 2298 quhm
953 2221 1123 2298 Philippum

108 2315 277 2374 intuebatur
298 2314 460 2373 exereitus:
481 2334 533 2391 pro
555 2333 586 2374 se
606 2313 727 2392 quisque
747 2314 893 2374 dexteram
914 2316 976 2391 ejus
990 2314 1123 2392 amplexi,

107 2416 206 2490 grates
216 2407 369 2483 habebant,
381 2407 461 2468 velut
471 2407 606 2486 praesenti
614 2407 685 2468 D'eo.
720 2407 1124 2488 Namquehaudfaoiledietu

108 2512 164 2580 est,
177 2510 283 2582 praeter
296 2503 453 2582 ingenitam
472 2503 519 2562 illi
531 2502 611 2582 genti
624 2522 693 2582 erge
705 2503 801 2584 Reges
821 2523 888 2565 auos
901 2504 1122 2580 venerationem,

108 2601 251 2678 quantum
272 2599 360 2675 hujus
382 2595 481 2678 utique
503 2597 594 2677 Regis
620 2599 669 2658 vel
689 2599 873 2658 admirationi
894 2599 985 2658 dediti
1005 2600 1123 2675 fuerint,

108 2693 157 2754 vel
180 2693 321 2752 charitate
343 2693 537 2772 flagraverint.
588 2694 659 2754 Jam
679 2694 806 2772 primdm
827 2695 910 2770 nihil,
937 2695 998 2754 sine
1025 2695 1124 2755 divina

108 2808 174 2866 ope,
189 2787 308 2867 aggredi
314 2781 484 2849 ridebatur,
523 2789 544 2818 ¹⁵
554 2787 584 2847 N
586 2807 633 2847 am
652 2793 720 2847 edm
733 2795 810 2848 esset
830 2794 937 2866 praesto
950 2789 1056 2868 ubique
1069 2790 1125 2849 for·

108 2890 193 2958 tuna,
208 2869 356 2942 temeritas
377 2883 407 2942 in
428 2883 551 2962 gloriam
572 2889 713 2956 cesserat:
736 2885 835 2944 ¹‘mles
848 2897 959 2962 quoqne
972 2883 1022 2945 rix
1035 2884 1125 2944 tantis

106 2984 226 3036 matura
245 2977 341 3053 rebus,
355 2977 406 3036 sed
424 2977 537 3037 abundo
561 2977 713 3052 sufficiens,
729 2978 824 3040 omnia
845 2979 933 3036 etiarn
956 2981 1018 3057 ejus
1039 2999 1126 3058 opera

47 3091 48 3096 ¹
105 3071 300 3131 honestabat:
330 3078 360 3129 et
382 3091 446 3150 quae
465 3072 575 3132 leviora
595 3071 697 3132 haberi
720 3071 819 3147 solent,
846 3071 1010 3153 plerumque
1037 3074 1068 3133 in
1093 3095 1126 3132 re

104 3166 235 3226 militari
256 3166 387 3245 gratiora
400 3166 486 3245 vulgo
508 3174 593 3244 sunt3
616 3165 784 3225 exercitatio
798 3169 928 3245 eorporis
941 3169 1018 3254 inter
1037 3169 1125 3274 ipqqa

104 3261 210 3320 eultns
237 3259 409 3340 habitusque
435 3259 587 3338 paululdm
614 3281 632 3318 a
658 3262 772 3338 privato
799 3263 963 3340 abhorrens,
988 3263 1127 3322 militaris

104 3356 214 3434 vigor,
245 3355 326 3433 queis
350 3355 400 3414 ille
421 3353 468 3415 vel
490 3341 609 3434 ingenii
622 3355 749 3431 dotibus,
770 3357 817 3416 vel
838 3357 927 3417 animi
950 3359 1072 3432 artibus,
1093 3363 1128 3414 nt

102 3449 224 3527 pariter
237 3469 320 3508 oarus
330 3469 367 3508 ae
376 3449 555 3510 venerandus
569 3457 654 3526 esset,
670 3442 810 3513 effecerat.

172 3544 253 3605 VH.
279 3548 322 3604 16.
344 3546 388 3604 At
414 3544 522 3604 Darius
542 3548 646 3605 nuneio
673 3547 709 3605 de
736 3546 858 3607 adversa
881 3543 1045 3607 valetudine
1065 3545 1128 3621 ejus

100 3647 243 3717 aooeptq
254 3639 411 3713 eeleritate,
425 3645 562 3719 quantam
583 3649 757 3718 asperatam
777 3660 864 3720 grave
884 3657 986 3716 agmen
1005 3644 1127 3716 poterat,

99 3727 144 3793 ad
175 3734 364 3812 Euphratem
389 3735 552 3794 oontendit:
582 3737 590 3764 ¹
597 3737 754 3813 junctoque
782 3753 815 3792 eo
837 3731 982 3810 pontibus,
1005 3733 1129 3814 quinque

99 3835 213 3890 tamen
227 3829 331 3892 diebus
354 3830 471 3908 trajeoit
489 3830 656 3904 exereitum,
672 3827 804 3889 Ciliciam
823 3845 959 3904 oeeupera
978 3827 1127 3888 festinans.
