2622 4382
188 373 248 432 242
532 385 676 438 auruur
706 387 848 430 runnu

187 525 296 602 habite,
311 525 426 586 dedidit
449 544 489 602 se,
512 545 566 586 nee
588 523 746 606 quidquam
769 524 876 586 deditis
899 529 1007 603 prester
1029 529 1215 584 nominentur

187 621 359 700 imperatum
382 629 436 682 est.
480 621 590 693 Quinto
613 621 681 680 hine
704 619 752 681 die
774 621 854 682 venit
877 621 915 679 ad
936 620 1060 696 flumeu3
1083 619 1216 678 Arabon

187 717 291 778 iuoolae
314 717 469 796 appellunt.
510 717 605 796 Regio
626 716 741 777 deserte
761 723 793 776 et
816 735 954 796 aquurum
978 715 1064 794 inops
1087 715 1215 792 exeipit,

188 832 275 894 quern
301 831 433 872 emensus
459 813 490 872 in
520 811 620 876 Oritas
646 813 761 874 transit
816 812 866 874 Ibi
892 814 1032 889 majorem
1058 811 1215 870 exereitus

188 913 302 988 partem
321 907 522 986 Hephaestioni
545 907 689 968 tradiditz
711 908 804 968 levem
825 914 1001 968 armaturam
1023 927 1089 966 eum
1110 906 1218 966 Ptole-

188 1021 261 1064 nreo
274 1001 459 1080 Leonetoque
481 1001 607 1080 pertitus
619 1009 672 1063 est
716 1003 786 1063 Tria
798 1003 887 1063 simul
907 1003 1022 1082 agmine
1034 1001 1218 1080 populaban-

189 1103 239 1158 tur
261 1096 361 1174 Indos,
381 1117 550 1176 magumque
572 1097 680 1176 praedae
703 1105 777 1160 setun
797 1105 873 1158 sunt
921 1096 1087 1159 Maritimus
1111 1097 1218 1158 Ptole·

188 1211 287 1267 mus,
301 1199 422 1254 caeteros
442 1193 506 1271 ipse
529 1192 596 1254 Rex
615 1200 645 1252 et
666 1193 703 1254 sb
724 1193 783 1252 aliu
802 1201 886 1271 perte
909 1193 1058 1253 Leonatus
1077 1192 1217 1254 urebant.

190 1287 229 1350 In
247 1288 304 1348 hta
325 1307 437 1368 qnoque
458 1288 575 1368 regione
596 1287 698 1350 urbem
721 1289 861 1364 uendidit,
876 1288 1067 1366 'deduntique
1091 1286 1220 1348 suntin

191 1401 255 1444 eam
268 1383 431 1445 Arachosii.
472 1383 701 1462 Hineperrenit
721 1383 759 1444 ed
779 1383 941 1443 maritimus
965 1381 1065 1444 Indos
1107 1382 1218 1444 Deser-

191 1483 253 1542 tun
266 1485 434 1560 vestemque
454 1478 601 1558 regionem
621 1478 681 1538 late
695 1484 803 1553 teuent,
817 1497 851 1538 ae
863 1497 901 1538 ue
913 1497 980 1537 eum
1000 1477 1136 1538 finitimis
1149 1476 1218 1558 qui-

191 1573 258 1636 dem
278 1574 338 1634 ullo
360 1573 523 1634 uommereii
551 1576 618 1651 jure
639 1573 803 1635 misnentur.
855 1573 927 1654 Ipse
952 1573 1078 1634 solitudo
1104 1575 1217 1634 natura

190 1687 302 1748 qunque
325 1669 449 1728 immitia
472 1669 602 1730 efferavit
627 1669 750 1749 ingenie.
806 1669 977 1730 Promineut
1002 1687 1113 1749 ungues
1138 1687 1217 1730 nuu-

190 1781 276 1842 qnam
287 1763 381 1823 renisi.
423 1757 525 1824 (lond
545 1763 675 1840 hirsutae,
689 1771 720 1823 et
740 1764 863 1824 intonsae
886 1771 961 1826 sunt.
1004 1765 1135 1844 Tuguria
1148 1783 1217 1826 eou-

191 1856 253 1918 otis
266 1864 297 1916 et
309 1857 422 1918 esteris
443 1859 639 1938 purgamentis
662 1859 752 1919 maris
765 1860 922 1921 instruunt
975 1860 1116 1920 nemum
1127 1861 1216 1938 pelli·

190 1951 245 2016 itm
258 1952 339 2029 teeti,
352 1951 481 2032 piscibus
493 1951 555 2014 sele
567 1953 691 2030 duretis,
705 1961 736 2014 et
755 1957 900 2034 majerum
912 1973 1027 2038 quoque
1038 1955 1215 2032 belluarum,

191 2067 262 2130 quas
281 2048 386 2110 fluetus
408 2049 496 2128 eJieit,
520 2067 607 2110 earne
629 2058 790 2112 vescuntur.
833 2051 1020 2130 Oonnurnptis
1044 2051 1137 2131 igitur
1161 2052 1216 2112 uli·

191 2147 306 2223 mentis,
321 2145 494 2208 Maeednues
514 2146 609 2225 primi
622 2145 759 2226 inopiam,
774 2146 879 2207 deinde
893 2145 932 2208 ad
951 2147 1090 2207 ultimum
1102 2148 1215 2210 famem

193 2243 302 2304 sentire
325 2249 482 2321 eruperunt,
505 2241 618 2303 radiees
640 2242 801 2321 primarum
822 2243 957 2323 (numque
978 2241 1040 2303 sole
1066 2261 1101 2302 ee
1127 2244 1217 2306 uber

191 2339 336 2419 gignitur)
358 2338 465 2417 ubique
489 2338 655 2399 ‘timentes
697 2337 756 2400 Sed
776 2340 844 2398 oum
863 2337 926 2398 haen
939 2357 1053 2419 quoque
1074 2337 1218 2400 alimenta

193 2433 366 2507 defecerant,
378 2435 511 2509 jumenta
532 2433 641 2493 eaedere
662 2434 798 2514 aggressi,
812 2451 849 2492 ne
863 2433 945 2513 equis
957 2433 1075 2514 quidem
1087 2435 1217 2496 abstine

193 2526 281 2590 btut:
303 2533 334 2585 et
356 2528 424 2584 utra
438 2527 571 2588 deessent
584 2547 648 2607 quae
671 2528 798 2588 sarcines
816 2529 965 2606 veherent,
979 2528 1073 2608 spolia
1092 2529 1129 2590 de
1148 2531 1216 2592 hes-

191 2620 271 2683 abur
292 2627 411 2700 propter
433 2639 500 2700 quae
519 2620 624 2682 ultime
638 2621 770 2684 Orientis
793 2631 1027 2704 peragraverunt,
1048 2626 1217 2688 cauabant

192 2717 331 2780 uemdio.

255 2817 302 2877 34.
323 2813 443 2876 Famem
465 2813 569 2874 deinde
592 2814 758 2894 pestilentia
777 2822 876 2875 secuta
896 2821 958 2893 est3
980 2815 1085 2897 quippe
1104 2816 1214 2877 insalu-

101 2913 114 2944 '
193 2909 292 2974 trium
310 2911 439 2972 ciborum
459 2909 528 2972 nori
550 2910 638 2986 sueoi,
652 2909 690 2969 ad
713 2909 767 2971 hoe
779 2909 891 2970 itineris
914 2911 1004 2987 labor,
1019 2919 1049 2970 et
1069 2912 1214 2994 aegritudo

193 3005 292 3080 animi,
315 3007 504 3087 vulgaverant
525 3006 659 3086 morbos,
687 3012 727 3082 et,
748 3025 801 3066 nee
824 3025 941 3066 munere
962 3006 1026 3067 siue
1048 3006 1139 3084 elude,
1159 3025 1215 3068 nea

193 3099 331 3178 progredi
353 3109 496 3180 poterant
547 3103 700 3162 Manentes
723 3102 824 3178 fumes,
844 3119 1013 3182 progressos
1036 3103 1131 3163 aerior
1149 3121 1215 3182 pee

194 3193 311 3254 tilentie
339 3197 469 3276 urgebat.
524 3197 605 3278 Itrgt
631 3197 719 3260 strati
751 3204 835 3258 erant
860 3197 954 3276 rumpi
979 3199 1052 3276 pene
1078 3197 1214 3277 pluribus

195 3289 351 3366 semiviris,
364 3293 452 3370 quim
464 3291 660 3356 severitus.
700 3293 798 3354 Anne
811 3294 905 3355 levite
915 3293 1032 3375 quidem
1045 3293 1116 3374 Ψ
1130 3281 1213 3372 sequi

197 3393 353 3467 poterant:
373 3387 478 3466 quippe
500 3407 604 3467 agmen
626 3390 735 3468 ruptim
757 3390 906 3469 agebatur,
930 3391 1064 3448 ‘mutum
1088 3389 1213 3469 singulis

196 3483 235 3544 ed
258 3501 337 3562 spen
348 3481 451 3542 uelutis
473 3481 553 3560 ipses
575 3483 712 3561 profluere
731 3483 926 3560 eredentibus,
940 3491 1080 3564 quantum
1098 3483 1212 3544 itineris

195 3578 358 3640 festinando
370 3577 567 3658 praeriperent.
609 3577 707 3658 Igitur
729 3579 780 3658 qui
799 3579 973 3656 defeeerant,
987 3586 1072 3642 nutes
1084 3579 1212 3659 ignotos·

194 3693 250 3753 que
271 3681 306 3735 ut
323 3674 527 3750 allevarentur,
540 3673 668 3736 entant
710 3673 769 3736 Sed
780 3691 833 3734 nee
849 3677 981 3754 jumenta
1000 3681 1090 3750 eraut,
1104 3673 1210 3755 quibus

195 3768 290 3845 euripi
312 3777 439 3846 possent,
461 3777 492 3830 et
510 3769 594 3830 miles
619 3770 671 3831 vix
695 3787 774 3831 arma
796 3769 939 3848 portabat,
961 3769 1212 3848 'imminentisque

194 3859 367 3939 etiamipsir
388 3865 478 3928 unies
499 3865 569 3926 ntuli
592 3873 660 3926 ente
673 3865 771 3928 oeulos
792 3873 862 3937 erat
904 3865 986 3944 Ergo
998 3865 1108 3971 serpitis
1128 3883 1209 3925 reve-
1234 3883 1237 3888 ·
