2642 4386
159 359 217 422 tes
494 373 643 423 annm
676 373 823 418 auarus

153 535 217 580 sum
230 513 326 596 gladio
339 520 460 595 uterque
473 513 593 576 bibebat
635 511 738 586 Orode,
753 529 802 574 eos
815 512 867 592 qni
888 511 1090 592 gentismores
1103 531 1171 574 eou-

152 611 295 687 dtdernut,
310 629 396 689 pareo
410 617 441 669 et
452 609 576 688 parabili
589 611 670 671 vieta
683 608 836 670 ostendere
848 608 978 670 voluisse
997 609 1017 638 ²⁰
1023 610 1171 689 jurganti·

150 705 204 769 bns
221 723 302 785 apes,
322 705 463 785 quantulo
487 704 617 766 contenti
638 723 701 764 esse
722 703 867 766 deberent.
909 703 976 764 Hon
996 705 1081 766 modo
1101 705 1172 771 Rea

150 799 233 862 Asiae
255 807 286 860 et
307 799 443 878 Europae,
457 797 653 860 introdnotsm
677 798 754 858 inter
776 797 939 860 convivales
961 797 1046 859 ludos
1068 799 1168 860 matri-

149 896 247 956 monio
270 895 326 958 eibi
349 894 492 972 adjunxit,
512 913 529 954 e
549 894 665 972 esptivt
684 893 846 974 geniturus,
865 893 917 972 qui
937 893 1095 957 viatoribus
1116 894 1169 962 ime
1299 905 1304 914 '

148 998 273 1069 perant.
315 989 452 1050 Pudebat
474 989 591 1065 mooe,
611 1008 699 1066 snper
712 989 813 1050 vinum
827 996 858 1050 et
876 988 976 1067 epulas
988 1007 1118 1050 sooernm
1130 1009 1169 1050 ex

149 1083 255 1144 deditis
268 1103 330 1146 esse
343 1085 475 1144 eleotum
516 1083 580 1145 seu
596 1091 663 1162 post
677 1082 752 1145 Oliti
764 1084 873 1146 amdam
892 1084 1028 1148 libertate
1041 1083 1167 1159 sublata

149 1179 242 1255 vultu,
257 1179 277 1210 '¹
285 1179 336 1259 qui
348 1179 473 1238 muimd
486 1178 588 1254 servit,
601 1178 842 1241 assentiebantur.

209 1273 248 1334 V.
274 1276 318 1333 17.
339 1272 487 1334 Caeterum
507 1272 632 1347 Indiam,
647 1279 678 1332 et
697 1272 765 1332 inde
787 1271 936 1335 Ooeanum
954 1271 1168 1349 petitumque

147 1368 220 1448 quid
242 1389 260 1428 a
280 1377 371 1449 tergo,
384 1369 461 1448 quod
475 1369 638 1429 ¹destiuata
657 1367 799 1446 impedire
817 1375 925 1445 posset,
937 1374 1109 1444 moveretur,
1128 1385 1168 1428 ex

148 1462 280 1526 omnibus
306 1464 463 1543 provinciis
490 1464 611 1544 triginta
638 1463 732 1524 millis
758 1463 907 1540 juniorum
931 1462 990 1544 legi
1004 1510 1006 1516 .
1015 1463 1114 1540 jussit,
1134 1469 1167 1525 et

148 1559 186 1619 sd
210 1581 241 1620 se
267 1568 379 1620 armata
404 1559 533 1637 perduoi,
557 1558 672 1620 obsides
698 1559 786 1618 simul
812 1557 964 1622 habitune
991 1565 1022 1618 et
1046 1557 1164 1628 milites,

149 1651 301 1714 &aterum
315 1661 412 1713 autam
426 1652 464 1712 ad
486 1652 696 1732 persequendos
716 1653 899 1712 Haustauem
912 1659 941 1712 et
955 1651 1101 1728 Osteuem,
1114 1654 1167 1732 qui

147 1748 261 1826 abipso
275 1747 547 1825 defenerantmisit3
569 1765 690 1826 qnorum
710 1747 879 1810 Haustanes
899 1757 1000 1826 eaptus
1013 1755 1067 1824 est,
1082 1747 1166 1812 Cate-

146 1860 197 1904 nes
220 1843 252 1901 in
274 1842 376 1920 praelio
405 1841 524 1902 noeisus
565 1842 765 1920 Polyspereon
785 1861 899 1922 quoque
919 1843 1076 1923 regionem,
1098 1861 1167 1924 quae

147 1937 302 2000 Bumoom
320 1937 491 2016 appellatam,
515 1938 547 1998 in
569 1937 708 2002 ditionem
734 1937 855 2016 redegit
904 1937 1010 2018 Itaque
1031 1940 1165 2002 omnibus

147 2033 327 2112 eompositis,
349 2033 541 2114 eogitationes
567 2033 600 2094 in
626 2033 736 2095 bellum
761 2033 896 2094 Indionm
921 2035 1019 2096 vertit.
1074 2033 1164 2098 Dives

146 2132 225 2211 regio
248 2130 416 2206 hebebatur,
439 2149 498 2189 non
523 2149 593 2190 auro
613 2129 709 2206 modd,
734 2130 784 2190 sed
804 2130 924 2210 gemmis
950 2147 1063 2210 quoque
1090 2151 1164 2193 man*

146 2225 315 2307 genitisque,
338 2225 376 2286 sd
399 2227 521 2286 ’luxum
541 2226 644 2306 magia,
670 2227 758 2304 qudm
779 2225 816 2284 ed
840 2224 1089 2305 magnifieentiam,
1116 2245 1164 2289 ex·

146 2321 233 2382 salta.
274 2321 364 2382 'Viri
385 2322 508 2402 equique
527 2321 670 2380 militares
682 2341 753 2382 auro
767 2327 797 2380 et
806 2320 890 2382 ebore
908 2319 1020 2399 fulgere
1031 2319 1163 2385 dieebam

145 2419 202 2476 tar.
244 2415 358 2494 Itaque,
375 2417 481 2476 necubi
493 2416 669 2492 vinderetur,
682 2417 751 2474 edm
772 2415 884 2476 marie
897 2422 1057 2493 praestaret,
1071 2416 1163 2474 sontis

146 2515 297 2587 argenteas
310 2510 439 2584 laminae,
454 2510 537 2588 equis
548 2510 655 2570 fraenos
667 2529 770 2570 aureos
782 2510 913 2587 addidit;
935 2509 1038 2570 larinas
1050 2530 1162 2590 quoque

145 2603 218 2662 stiae
241 2623 320 2680 auro,
345 2604 417 2662 eliae
438 2611 556 2682 argento
580 2603 739 2664 adornavit
791 2603 914 2665 Oentum
939 2607 1044 2686 viginti
1069 2607 1162 2668 millis

145 2705 322 2759 armatorum
348 2705 440 2774 erant,
468 2717 532 2776 qum
559 2698 669 2778 Regem
696 2698 735 2758 ad
760 2698 792 2758 id
825 2698 934 2760 bollum
961 2701 1159 2780 sequebantur.

146 2794 273 2874 Jamque
296 2795 428 2856 omnibus
451 2793 631 2872 preparatis,
655 2793 753 2872 ‘quod
776 2793 845 2853 olim
867 2799 957 2872 prava
978 2804 1074 2858 mente
1096 2816 1159 2856 eou-

143 2898 268 2967 esperst,
295 2898 365 2950 tuno
392 2909 454 2951 esse
480 2897 628 2950 maturum
652 2895 742 2964 ratus,
769 2907 892 2968 quonam
917 2890 1004 2952 modo
1030 2892 1161 2955 eoeleetes

144 2981 266 3043 bonores
286 2993 447 3062 usurparet,
462 2984 550 3062 eoepit
573 2984 693 3064 agitare.
735 2982 821 3044 Juvis
832 2983 925 3044 filium
946 3003 1004 3046 uon
1016 2986 1075 3046 diei
1100 2993 1161 3044 tan·

145 3081 259 3153 trimae,
273 3077 427 3138 sedetiam
447 3079 527 3138 aredi
547 3079 672 3156 volebat,
687 3086 823 3158 tanquam
838 3080 973 3159 ‘perinde
992 3080 1096 3140 animia
1108 3082 1160 3140 im·

144 3180 364 3252 perereposset,
378 3175 539 3255 aolinguie.
581 3175 686 3256 Itaque
707 3193 787 3236 more
810 3174 965 3236 Persarum
985 3174 1159 3234 Macedonas
1225 3209 1231 3222 ·
1317 3207 1318 3218 κ

144 3267 375 3330 'venerabundos
402 3270 497 3347 ipsum
522 3271 659 3346 salutare,
686 3277 901 3350 prostemeutes
923 3268 1004 3328 humi
1029 3287 1158 3346 eorpors,

151 3364 251 3442 jussit.
302 3363 371 3424 Nou
388 3364 487 3424 deerat
506 3366 581 3426 talis
600 3366 813 3444 oonoupisoeuti
838 3363 998 3444 pontoium
1018 3364 1158 3440 adulatio,

145 3468 318 3539 perpetuum
343 3459 453 3520 malum
479 3461 603 3539 Regum,
629 3481 750 3540 qnorum
768 3480 838 3540 opes
863 3460 971 3538 sapida
1001 3461 1158 3525 uoentatio

143 3557 231 3634 qudm
244 3556 337 3617 hostis
350 3555 463 3618 evertit.
505 3555 568 3616 Neo
589 3556 778 3616 Menedemum
797 3556 860 3616 hseo
873 3563 937 3616 erat
949 3556 1033 3635 eulpa
1046 3558 1158 3634 ⁷(ueun0

144 3651 221 3710 euim
243 3652 359 3712 illorum
371 3651 529 3733 quidquam
543 3671 580 3710 ex
599 3651 695 3730 patrio
713 3671 793 3712 more
813 3652 912 3712 labare
932 3653 1092 3732 sustinuit),
1106 3653 1158 3714 aed

143 3743 336 3823 ‘Graeoornm
350 3750 401 3827 qui
421 3747 628 3827 professionem
649 3746 854 3806 ’bonatus-um
875 3747 982 3810 artium
999 3747 1085 3810 malis
1097 3765 1157 3812 eut·

142 3847 282 3914 ruperant
292 3843 431 3906 mosibus
