2622 4382
181 345 241 404 254
519 359 668 407 aursus
702 359 849 404 onaan

177 498 261 552 Persis
271 500 373 566 queque
384 497 412 548 in
423 499 631 566 supplementum
641 499 720 560 lectis,
733 515 843 566 quorum
855 496 949 566 viginti
965 495 1047 548 millis
1057 499 1201 552 Psucsstns

177 579 325 642 adduxerat,
338 579 409 632 Susis
420 596 466 632 rex
474 579 606 632 Ecbatana
614 581 750 648 proiectus,
763 580 971 646 Hepboestionem
983 578 1125 646 prinoipem
1134 580 1199 630 ami·

176 677 264 712 corum
281 661 386 722 amittit,
404 662 477 728 eujus
498 677 585 712 casum
602 661 768 712 immoderate
787 661 876 722 ferens,
896 659 1113 712 sumtuosissimas
1136 661 1199 712 fieri

176 742 296 810 exequias
303 742 388 809 jussit,
401 759 448 793 neo
458 759 516 804 non,
529 753 559 793 ut
570 739 633 803 Deo,
646 742 789 792 sacrificari.
825 742 893 792 Hinc
904 757 951 808 per
963 743 1121 792 Cossaeorum
1133 759 1196 808 gen·

180 839 235 884 em,
248 823 357 874 liberam
368 829 450 884 antea
464 829 491 874 et
502 825 636 874 Persarum
647 823 782 890 imperium
791 829 976 890 aspernantem,
989 823 1127 889 Babylona
1137 839 1198 890 pro·

176 903 304 966 ficiscitur,
318 905 363 954 ubi
374 905 513 954 multarum
524 904 639 969 gentium
656 905 736 969 legati
755 905 839 971 ipsum
856 904 1031 970 expectabant
1076 906 1141 956 Otim
1154 921 1200 955 oco

175 986 209 1036 sb
220 987 285 1036 urbe
302 985 391 1036 stadiis
410 986 516 1045 abesset,
532 990 686 1036 monuerunt
702 991 782 1045 vates,
795 1002 829 1036 ns
847 985 963 1047 intraret,
976 984 1038 1052 quis
1049 985 1197 1052 periculum

174 1066 383 1132 portenderetur;
406 1065 460 1129 sed,
479 1065 512 1116 ab
530 1065 682 1116 Anaxarcho
699 1081 842 1132 persuasus,
864 1065 998 1118 contemsit
1017 1066 1142 1132 praesagia
1165 1072 1199 1118 ut

174 1161 241 1198 vana
250 1152 277 1198 et
287 1147 390 1198 incerta
425 1147 528 1198 Auditis
541 1163 602 1212 ergo
613 1147 710 1212 legatis,
724 1153 751 1198 et
762 1146 872 1214 peractis
885 1162 942 1214 quaa
957 1146 991 1196 ad
1001 1147 1198 1212 Hephaestionis

174 1228 257 1288 funus,
271 1244 318 1296 per
331 1229 495 1295 Pallacopam
507 1228 599 1278 fossam
616 1229 649 1278 ad
667 1229 781 1278 Arabum
802 1227 913 1278 confinia
930 1227 1068 1294 navigavit,
1081 1228 1197 1280 irrideus

175 1309 312 1370 Chaldaeos,
323 1309 368 1376 qui
380 1309 523 1376 periculum
534 1309 562 1358 in
574 1309 637 1360 urbe
649 1309 829 1375 predixerant,
842 1325 920 1376 quam
931 1325 982 1358 non
995 1309 1071 1358 modo
1082 1309 1197 1361 feliciter

174 1389 302 1457 ingressus
310 1398 381 1452 esset,
395 1391 439 1442 sed
450 1391 537 1441 salvus
545 1391 620 1439 etium
631 1390 782 1440 excessisset.
809 1391 938 1440 Reversus
947 1389 1114 1455 Babylonem,
1122 1393 1197 1444 ludia

174 1473 353 1540 sonneiisque
369 1473 494 1533 interfuit,
505 1478 532 1522 et
543 1475 600 1522 erim
614 1473 649 1522 ad
659 1471 772 1522 Medium
779 1477 945 1522 comessatunr
955 1474 1021 1532 isset,
1034 1471 1062 1520 in
1073 1474 1197 1524 morbum

174 1551 271 1614 incidit
282 1557 327 1620 qui
338 1554 409 1604 intra
420 1569 512 1620 paucos
523 1553 577 1604 dies
587 1553 624 1602 ita
632 1553 749 1613 invaluit,
759 1558 790 1602 ut
800 1568 857 1619 spes
864 1552 953 1602 salutis
963 1553 1034 1602 nulla
1044 1558 1090 1602 aut
1100 1555 1198 1621 exigua

174 1641 324 1700 superesset
365 1635 461 1684 Milites
481 1635 642 1684 solicitudine
664 1634 733 1684 anxii
756 1633 863 1684 retineri
885 1650 935 1683 non
958 1638 1104 1702 potuerunt,
1130 1637 1197 1703 quin

173 1714 265 1764 altimo
278 1715 357 1764 visuri
369 1731 455 1781 regern
467 1715 493 1763 in
505 1715 589 1764 aulam
600 1715 794 1782 irrumperent]

235 1810 273 1870 V.
300 1814 342 1870 la
364 1810 548 1872 Intuentibus
562 1810 696 1888 lacrymae
708 1811 819 1872 obortae
837 1811 986 1890 praebuere
998 1813 1124 1890 speciem
1132 1817 1198 1892 jam

173 1923 231 1964 non
244 1904 365 1985 Regem,
379 1905 431 1964 sed
444 1905 531 1964 funus
546 1906 617 1982 ejus,
631 1905 752 1966 visentis
773 1906 929 1968 exercitiis.
972 1907 1082 1968 Maeror
1097 1917 1198 1970 tamen

174 2001 420 2062 circumstantium
448 2001 555 2060 lectum
585 2001 753 2062 'eminebat
802 2000 882 2072 Quos
911 2008 944 2060 ut
977 2003 1045 2062 Rex
1070 2006 1196 2082 aspexit,

177 2097 394 2172 “Invenietis‘'
417 2097 519 2178 inquit,
543 2099 641 2156 “erim
668 2115 824 2172 excessero,
849 2097 969 2177 dignum
992 2097 1102 2160 talibus
1122 2101 1198 2162 viris

176 2193 309 2274 Regem?
319 2195 335 2225 '³
376 2193 543 2254 Incredible
558 2193 646 2269 dictu,
661 2192 827 2272 audituque,
840 2192 891 2252 'in
904 2193 1003 2252 eodem
1016 2194 1121 2256 habitu
1135 2216 1197 2258 cor·

175 2291 264 2368 poris,
285 2291 315 2348 in
327 2310 412 2368 quam
430 2310 460 2350 sc
481 2297 678 2368 composuerat
699 2293 764 2348 cim
783 2287 960 2350 admissurus
978 2290 1086 2350 milites
1106 2301 1196 2370 esset,

176 2385 305 2458 durasse,
330 2385 418 2444 donec
445 2406 463 2442 a
488 2392 551 2443 toto
579 2384 706 2450 exercitu
732 2384 806 2442 illud
831 2384 969 2446 ultimum
994 2385 1195 2463 persalutatus

175 2477 238 2538 est:
260 2479 432 2556 dimissoque
446 2478 543 2558 vulgo,
558 2479 639 2566 velut
661 2478 739 2537 omni
752 2480 821 2538 vitae
845 2479 943 2554 debito
963 2479 1113 2560 liberatus,
1127 2483 1197 2544 fati·

76 2641 79 2648 ,
174 2580 245 2654 gata
257 2573 402 2632 ³membra
415 2573 525 2650 rejecit,
539 2573 715 2652 propiusque
734 2573 817 2633 adira
837 2575 928 2652 jussis
947 2575 1050 2636 amicis
1063 2575 1142 2654 (nam
1163 2587 1196 2638 et

175 2689 231 2730 vox
245 2669 363 2730 deficere
374 2670 436 2746 jam
450 2669 596 2749 coeperat),
610 2667 773 2728 detractum
786 2669 923 2730 annulum
936 2667 1030 2750 digito
1043 2672 1195 2735 Perdiccae

174 2766 306 2842 tradidit,
329 2765 450 2844 adjectis
473 2763 625 2840 mandatis,
648 2771 683 2824 ut
709 2782 813 2842 eorpus
835 2783 918 2824 suum
940 2767 979 2825 ad
998 2767 1194 2828 Hammonem

174 2864 246 2922 ferri
263 2864 386 2941 juberet.
439 2860 709 2940 Quaerentibusque,
733 2859 781 2919 cui
803 2861 979 2940 relinqueret
998 2883 1128 2943 regnum,
1148 2883 1193 2924 re-

175 2960 300 3036 spondit,
315 2959 342 3017 ei
356 2960 407 3038 qui
420 2964 496 3018 esset
509 2957 654 3036 optimus,
685 2957 823 3018 caeterum
836 2957 1005 3036 ‘providere
1025 2961 1087 3036 jam
1100 2979 1139 3037 se,
1155 2960 1192 3022 ob

174 3053 205 3112 id
218 3061 363 3112 certamen
376 3074 494 3134 magnos
507 3055 642 3116 funebres
665 3053 749 3113 ludos
762 3053 860 3132 parari
874 3053 939 3116 sibi.
981 3055 1105 3132 Rursus,
1119 3056 1191 3116 Per·

174 3147 256 3206 diona
288 3147 493 3227 interrogante,
527 3149 640 3228 quando
675 3149 807 3210 coelestes
840 3148 964 3210 honores
996 3149 1099 3211 haberi
1132 3151 1191 3214 sibi

173 3240 284 3304 vellet?
304 3239 389 3316 dixit,
411 3248 475 3300 tum
496 3243 579 3318 vella,
604 3247 670 3302 cim
693 3243 750 3322 ipsi
772 3243 872 3304 felices
895 3250 999 3306 essent
1049 3245 1191 3324 Suprema

174 3339 236 3400 haec
256 3357 313 3400 vox
332 3337 390 3396 fuit
413 3336 514 3415 Regis,
539 3345 569 3396 at
595 3339 681 3416 pauld
704 3341 772 3417 pdst
795 3339 983 3419 extinguitur.
1024 3342 1072 3402 Ao
1094 3342 1190 3420 primd

174 3436 298 3514 ploratu,
324 3431 523 3512 lamentisque,
550 3439 580 3490 et
613 3433 778 3510 planctibus
809 3442 873 3494 tote
899 3436 981 3516 regia
1006 3437 1182 3515 personabat

176 3529 256 3608 Mox,
270 3529 351 3590 velut
364 3527 395 3588 in
408 3531 491 3588 vastat
512 3526 677 3604 solitudine,
692 3528 787 3588 omnis
806 3527 887 3588 tristi
909 3531 1025 3592 silentio
1037 3539 1120 3590 muta
1132 3539 1187 3592 tor·

174 3627 293 3702 pebant,
304 3624 341 3684 ad
354 3625 551 3705 cogitationes,
565 3622 636 3703 quid
650 3623 754 3682 deinde
768 3623 900 3684 futurum
914 3633 998 3703 esset,
1013 3627 1113 3686 dolore
1126 3647 1191 3688 eon·

175 3740 267 3780 verso.
310 3719 432 3782 Nobiles
454 3721 546 3800 pueri,
560 3717 699 3780 custodiae
713 3719 839 3797 corporis
853 3721 917 3797 ejus
939 3722 1056 3798 assueti,
1070 3741 1122 3782 nec
1143 3723 1192 3784 do

175 3813 246 3870 loris
259 3815 485 3892 magnitudinem
498 3835 608 3896 capere,
622 3833 674 3876 nee
687 3814 797 3894 seipsos
817 3814 895 3876 intra
907 3815 1084 3878 vestibulum
1104 3818 1194 3900 regiae
