2642 4386
380 389 506 466 uranu
534 389 626 431 verr.
658 389 742 432 «aar.
772 391 797 432 1.
1042 370 1102 434 tr!

29 543 37 582 l
91 525 262 607 'regnavltfl
274 527 424 608 proximus
432 527 608 603 Alexandro,
617 529 790 589 venabulum
799 528 921 606 objicere
934 529 1004 590 fera
1012 549 1100 608 coepe

29 641 34 678 ι
90 628 140 681 rat.
181 621 247 693 Quo
269 622 335 681 Rex
355 623 479 700 repulso,
494 629 525 681 et
547 623 628 683 abire
649 625 738 700 jusso,
758 623 871 701 adjecit,
885 631 946 682 tam
968 645 986 684 a
1007 631 1101 684 semet

29 717 35 774 't
90 719 255 795 nno,qudm
275 737 292 775 a
312 716 490 795 Lysimacho,
504 717 618 776 leonem
638 717 759 776 interfici
779 737 871 795 posse.
913 717 1099 796 Lysimachus

29 831 34 870 r
88 811 163 870 enim
176 811 344 890 'quondam
358 813 426 870 cuim
437 821 592 871 venaretur
603 812 636 870 in
656 811 751 892 Syria,
765 811 911 871 occiderat
923 813 1039 892 quidem
1051 833 1098 873 ex·

29 929 34 966 r
88 904 165 964 imiae
176 905 384 985 magnitudinis
397 905 488 965 feram
502 907 589 982 solus,
604 906 655 966 sed
669 907 742 966 laevo
755 907 873 966 humero
883 926 974 986 usque
987 906 1025 966 ad
1035 925 1100 966 ossa

29 1027 31 1060 ι
86 997 225 1056 laceratus
247 999 284 1058 ad
306 999 443 1058 ultimum
463 1000 584 1076 periculi
603 1008 778 1078 pervenerat.
821 1000 975 1078 'Idipsurn
999 1019 1098 1078 expro-

29 1119 31 1154 ;
85 1093 168 1152 bnans
182 1093 210 1152 ei
223 1093 298 1169 Rex,
313 1094 421 1153 fortirls
435 1097 522 1172 quim
535 1095 649 1154 loeutus
663 1103 715 1170 est,
729 1095 806 1156 fecit.
850 1094 1027 1156 Namferam
1040 1113 1098 1153 non

29 1213 30 1218 ¹
84 1187 193 1266 excepit
204 1188 301 1264 modo,
316 1188 369 1246 sed
388 1188 478 1247 etiam
496 1207 554 1247 uuo
574 1188 694 1248 vulnere
713 1189 828 1248 occidit
869 1187 1020 1266 Fabulam,
1033 1207 1100 1267 quae

84 1281 229 1358 objectum
249 1282 327 1341 leoni
349 1303 367 1340 a
386 1283 468 1360 Rege
482 1281 686 1359 Lysimachum
704 1283 830 1342 'temere
851 1281 991 1361 vulgavit,
1006 1282 1043 1342 ab
1064 1301 1098 1341 eo

81 1395 152 1435 casu
165 1377 262 1456 (quem
275 1379 365 1454 supr'a
378 1376 517 1454 diximus)
534 1383 625 1436 ortam
645 1395 707 1436 esse
726 1375 906 1436 crediderim.
949 1375 1099 1437 ilaeterdm

80 1470 267 1545 Macedones,
280 1489 443 1550 quanquam
455 1489 591 1548 prospero
606 1477 711 1531 eventu
730 1471 883 1530 defunctus
896 1477 959 1530 erat
972 1470 1100 1530 Alexan·

80 1565 146 1640 der,
170 1573 268 1624 tamen
283 1565 422 1626 ¹⁰scivere
442 1566 535 1645 gentis
557 1585 619 1626 suae
639 1586 728 1642 more,
741 1585 777 1626 ne
800 1568 817 1596 ¹¹
827 1565 915 1643 pedes
935 1573 1098 1642 venaretur,

77 1667 136 1719 aut
149 1660 212 1718 sine
226 1660 343 1720 delectis
356 1661 527 1739 principum,
541 1661 760 1742 amicorumque.
802 1661 861 1722 Ille
873 1669 1000 1742 quatuor
1013 1661 1097 1720 milli-

77 1755 139 1817 baa
150 1757 277 1814 ferarum
289 1756 417 1834 dejectis,
431 1757 463 1815 in
477 1756 577 1817 eodem
591 1756 669 1816 saltu
689 1776 754 1816 oum
774 1763 838 1818 toto
859 1756 988 1816 exercitu
1003 1757 1097 1835 epula·

75 1859 128 1910 tus
142 1858 194 1912 cst

139 1951 167 2007 3.
189 1946 262 2038 Indq
272 1947 448 2006 Maracanda
460 1947 586 2007 reditum
599 1954 661 2008 est:
686 1951 858 2026 acceptaque
870 1947 968 2008 aetatis
982 1967 1097 2006 excusa-

72 2042 158 2101 tione
172 2043 209 2102 ab
222 2043 379 2117 Artabano,
391 2029 568 2120 provinciam
588 2045 652 2118 ejus
672 2043 799 2100 destinat
818 2041 906 2103 (llito.
948 2043 1008 2102 Hio
1022 2049 1095 2117 erat,

69 2139 128 2217 qni
147 2137 226 2213 apud
250 2136 406 2196 Granicum
425 2155 537 2196 amnem
558 2137 636 2197 nudo
660 2137 755 2213 capite
778 2137 889 2214 Regem
913 2135 1098 2196 dimicantem

70 2233 184 2310 clypeo
196 2249 248 2289 suo
261 2231 345 2304 texit,
359 2237 389 2289 et
402 2230 547 2290 Rhosacis
560 2243 677 2288 manum
689 2229 779 2306 capiti
798 2229 891 2307 Regis
903 2229 1098 2288 imminentem

67 2326 181 2406 gladio
205 2325 386 2403 amputavit3
418 2332 502 2384 vetus
529 2324 660 2403 Philippi
685 2323 777 2399 miles,
804 2323 961 2403 multisque
987 2323 1098 2386 bellicis

70 2421 218 2499 operibus
232 2421 334 2480 clarus.
371 2419 531 2494 Hellanioe,
542 2439 608 2498 quae
616 2418 815 2480 Alexandrum
826 2419 1004 2494 educaverat,
1020 2437 1098 2478 soror

66 2519 150 2594 ejus,
172 2515 251 2574 hand
272 2533 355 2576 seona
376 2519 463 2594 quam
487 2522 581 2574 mater
604 2535 622 2574 a
645 2514 725 2594 Rege
747 2513 927 2594 diligebatur.
971 2513 1018 2576 Ob
1045 2513 1097 2574 has

66 2629 181 2672 canses
192 2611 399 2672 validissimam
419 2611 533 2689 imperii
553 2618 665 2688 partem
684 2609 751 2670 fidei
770 2612 833 2688 ejus
853 2609 1009 2688 tutelaeque
1023 2629 1095 2668 com·

64 2697 168 2766 misit.
211 2706 338 2786 Jamque
355 2708 411 2766 iter
434 2725 537 2784 parare
552 2707 609 2766 ¹²in
633 2714 780 2784 posterum
801 2707 910 2782 jussus,
926 2703 1045 2764 solemni
1066 2711 1097 2762 ot

63 2803 252 2880 tempestivo
272 2803 423 2863 adhibetur
443 2803 582 2864 convivio.
624 2803 731 2883 Inque
752 2803 819 2862 Rex
838 2821 903 2860 cnm
917 2801 1035 2860 1⁸multo
1055 2803 1096 2860 in-

61 2898 218 2958 caluisset
229 2915 318 2971 mero,
331 2897 499 2957 immodicus
514 2899 673 2958 aestimator
694 2903 750 2972 sui,
764 2897 910 2956 celebrare
926 2915 991 2974 quae
1003 2915 1095 2975 gesse-

59 3003 130 3067 rat,
148 2989 250 3067 ccepit3
274 2990 294 3018 ¹⁴
300 2991 397 3068 gravi
417 2992 505 3050 etiam
524 3012 623 3051 eorum
642 2993 769 3066 auribus,
783 2991 832 3070 qui
853 2991 1014 3052 sentiebant
1027 3013 1095 3054 vera

60 3085 240 3150 memorari.
283 3085 437 3146 Silentium
456 3093 553 3144 tamen
565 3087 692 3148 habuere
711 3087 846 3162 seniores,
862 3087 950 3148 donec
964 3087 1093 3168 Philippi

60 3203 116 3244 res
134 3199 222 3242 orsus
237 3181 403 3256 ”obterere
417 3181 543 3242 nobilem
557 3183 633 3259 apud
654 3179 839 3242 Chaeroneam
856 3182 1004 3244 victoriam
1019 3185 1037 3214 ¹·
1047 3185 1093 3245 sni

57 3277 177 3358 operis
189 3277 279 3336 fnisse
294 3277 428 3354 jactavit,
442 3277 661 3356 ademptamque
675 3277 730 3338 sibi
743 3277 923 3357 malignitate
938 3287 967 3338 et
981 3280 1090 3340 invidit

59 3371 177 3452 patris
190 3372 334 3432 malerei
348 3372 478 3452 gloriam.
521 3371 613 3432 Illum
626 3373 740 3452 quidem
754 3373 893 3434 seditione
907 3375 984 3434 inter
998 3374 1091 3432 Mace

57 3470 170 3530 donea
192 3466 299 3527 milites
321 3474 351 3526 et
374 3467 492 3530 Graecos
519 3469 709 3528 mercenarios
731 3472 804 3546 ortd,
826 3469 1010 3530 debilitatum
1032 3465 1093 3524 vul·

57 3581 155 3636 nere,
179 3561 256 3639 qnod
278 3561 309 3622 in
332 3567 367 3620 ea
391 3563 619 3624 consternatione
642 3571 800 3644 acceperat,
826 3562 845 3594 ¹⁷
851 3562 985 3639 jacuisse,
1009 3559 1093 3616 1‘nora

56 3659 154 3720 alias
169 3658 256 3735 quim
280 3656 459 3717 simulatione
476 3659 578 3720 mortis
598 3659 754 3718 tutiorem:
775 3677 805 3717 se
824 3673 928 3732 eorpus
949 3655 1011 3729 ejus
1031 3671 1093 3729 pro·

55 3753 191 3814 texisse
203 3751 302 3830 clypeo
316 3769 378 3826 suo,
391 3759 562 3833 ruentesque
575 3754 606 3812 in
616 3755 701 3814 illum
711 3757 764 3812 sua
774 3768 860 3808 mauu
873 3747 987 3808 occisos.
1021 3745 1093 3818 Quae

53 3855 195 3932 patrem
207 3865 353 3925 nunqnam
369 3850 388 3878 ¹⁸
401 3867 482 3927 aequo
496 3849 592 3908 animo
605 3866 667 3908 esse
687 3845 856 3918 confessum,
870 3843 890 3872 ²⁰
898 3843 1022 3904 invitum
1034 3843 1094 3904 filio

286 3944 322 3999 8*
