2622 4382
171 343 231 402 sca
519 357 660 409 cu1rsr1
686 357 831 400 courir

170 505 236 559 teus
250 497 371 574 animus,
385 515 432 558 res
450 503 645 558 uoramrum:
665 495 830 556 meminisse
844 498 940 573 ¹emu,
952 495 1025 576 quid
1045 495 1083 558 de
1104 495 1190 578 Rege

169 594 336 654 meruisset:
356 593 518 652 ¹nemiuem
531 599 630 652 autem
643 592 671 651 ei
690 592 761 654 satis
773 592 861 652 fidum
879 611 951 667 esse,
965 612 1052 671 quern
1065 599 1188 655 metuat

169 687 237 749 Rex
249 687 416 766 patiebatur
426 687 529 768 magis,
542 690 631 766 quam
649 687 868 747 assentiebatur.
910 685 1018 766 Itaque
1038 685 1190 768 Meleager

169 783 319 845 silentium
342 803 396 863 pro
422 783 544 860 imperio
570 782 688 860 babuit;
718 782 867 861 misitque·
883 782 976 862 Regis
1003 783 1118 844 nomine
1137 783 1190 864 qui

169 880 338 942 Perdiccam
359 884 546 938 accerserent.
588 876 698 936 Iisdem
717 877 886 936 mandatum
907 885 942 936 ut
967 879 1140 954 oceidereut‚
1163 879 1190 938 si

167 975 267 1038 venire
293 975 447 1035 dubitaret.
500 972 662 1047 Perdiccas,
695 973 831 1032 nuucmto
858 973 1019 1032 satellitum
1050 974 1180 1036 adventu

165 1057 313 1132 sexdecim
326 1069 461 1128 'omniuo
483 1067 581 1146 pueris
601 1068 691 1146 regiae
712 1068 838 1128 cohortis
858 1069 1012 1128 semitatus
1032 1069 1065 1128 in
1088 1069 1190 1129 limina

168 1165 272 1225 domus
295 1183 356 1225 suae
382 1163 523 1237 constitit,
548 1165 790 1243 ‘castigatosque
814 1172 847 1224 et
874 1163 1016 1255 Meleagri
1042 1166 1190 1243 mancipia

168 1259 329 1321 identidem
356 1260 511 1339 appellans,
539 1259 580 1318 sic
601 1259 690 1318 auimi
708 1259 866 1338 vultusque
888 1259 1052 1320 momenta
1072 1261 1188 1336 terruit,

167 1357 277 1419 utrix
302 1357 409 1416 mentis
432 1363 580 1434 compotes
603 1355 743 1436 fugerent.
790 1355 945 1414 Perdiccae
971 1373 1078 1433 pueros
1095 1355 1189 1432 jussit

135 1529 139 1537 ⁸
168 1471 257 1534 equos
281 1452 487 1529 conscendere;
519 1458 636 1510 etcum
659 1451 758 1529 paucis
778 1450 935 1510 amicorum
955 1451 994 1510 ad
1022 1451 1188 1512 Leouatum
1305 1429 1306 1480 3

167 1549 309 1628 pervenit,
330 1550 391 1625 jam
409 1548 534 1606 firmiore
553 1545 690 1625 prasidio
702 1546 762 1606 vim
780 1545 1007 1624 propulsaturus,
1021 1547 1126 1627 siquis
1146 1549 1189 1608 iu·

167 1645 266 1704 ferret.
309 1643 432 1703 Postero
446 1643 493 1701 die
507 1641 626 1720 indigua
645 1661 692 1700 res
716 1641 922 1703 Macedonibus
934 1642 1100 1719 videbatur,
1116 1645 1188 1704 Per·

167 1738 277 1798 diccam
290 1737 327 1796 ad
340 1738 443 1796 mortis
456 1737 614 1814 perieulum
636 1737 812 1814 adductum
835 1744 864 1796 et
885 1737 1028 1818 Meleagri
1041 1739 1188 1800 temerita-

166 1839 225 1892 tem
249 1832 336 1892 armie
360 1832 456 1890 ultum
478 1833 520 1890 ire
544 1831 735 1892 decreverant
786 1833 888 1912 Atque
910 1833 957 1892 illi
978 1836 1047 1892 edm
1073 1835 1187 1914 Regem
1306 1863 1307 1912 ς

166 1928 306 2004 adissent,
319 1927 577 2006 interrogareeum
597 1931 718 2004 coepere,
733 1945 771 1985 au
792 1923 963 1988 Perdiccam
983 1929 1187 2010 comprehendi

165 2025 228 2104 ipse
238 2024 380 2104 jussisset.
422 2023 488 2099 Ille,
503 2022 647 2103 Meleagri
666 2023 809 2082 instinctu
830 2043 861 2083 se
881 2025 1012 2101 jussisse,
1026 2026 1184 2104 respoudit

167 2120 313 2184 (laetertm
324 2140 383 2180 nou
396 2119 502 2181 debere
521 2119 693 2180 tumultuari
707 2137 774 2180 eos:
795 2119 964 2180 Perdiccam
985 2121 1061 2180 euim
1075 2121 1183 2186 vivere

166 2215 265 2298 Igitur
277 2217 413 2276 concione
426 2215 557 2293 dimissa,
572 2215 720 2295 Meleager
739 2214 867 2295 equitum
887 2215 1012 2276 maxime
1026 2216 1186 2277 defectione

164 2313 345 2392 perterritus,
359 2313 499 2391 inopsque
512 2311 627 2371 concilii
642 2311 761 2390 (quippe
781 2311 812 2370 in
826 2312 920 2388 ipsum
939 2311 1101 2389 periculum
1113 2311 1186 2372 reoi-

165 2407 257 2482 derat,
270 2407 349 2486 quod
369 2407 485 2466 inimico
506 2406 593 2484 pauld
606 2409 674 2464 auti
688 2396 873 2485 intenderat),
887 2406 1016 2466 triduum
1036 2408 1098 2466 fere
1119 2425 1186 2467 con-

166 2501 298 2578 sumpsit,
312 2501 424 2560 incerta
438 2499 559 2560 cousssia
571 2500 721 2560 volvendo.
773 2500 816 2560 Et
828 2501 952 2578 pristina
963 2502 1081 2582 quidem
1094 2503 1185 2583 regiae

166 2595 275 2675 speeies
298 2593 440 2655 manebat.
484 2593 563 2652 Nam
578 2601 609 2653 et
626 2593 716 2673 legati
736 2595 867 2674 gentium
880 2596 990 2676 Regem
1003 2597 1132 2674 adibant,
1154 2605 1184 2658 et

164 2690 312 2770 copiarum
334 2689 420 2749 duces
445 2687 575 2766 oderant,
599 2695 630 2748 et
651 2689 829 2750 vestibulum
856 2691 996 2751 satellites
1021 2693 1184 2773 mmatique

165 2787 384 2867 compleverant
426 2783 483 2847 Sed
496 2784 616 2865 'iugens
638 2787 692 2844 sub
711 2792 813 2863 sponte
833 2787 975 2848 moestitia
986 2787 1100 2849 ultimae
1119 2789 1183 2850 des·

163 2885 321 2962 perationis
343 2883 430 2942 iudex
453 2888 533 2959 erat3
563 2880 745 2960 suspectique
768 2881 900 2957 invicem,
923 2901 981 2942 nou
1007 2883 1087 2943 adire
1116 2903 1181 2962 pro·

163 2977 241 3057 pide,
262 2991 320 3037 uon
344 2978 469 3058 colloqui
492 2975 655 3039 audebant:
687 2982 811 3037 secretae
838 2978 1028 3057 cogitationes
1051 2979 1130 3040 intra
1150 2999 1182 3040 se

163 3072 284 3152 quisque
296 3072 463 3151 volventes3
486 3081 516 3132 et
529 3093 566 3133 ex
579 3073 790 3152 comparatione
810 3073 901 3152 Regis
921 3073 990 3134 novi
1003 3074 1182 3136 desiderium

164 3167 345 3228 excitabatur
358 3168 464 3228 amissi.
506 3167 568 3230 Ubi
580 3169 632 3228 ille
645 3175 730 3245 esset,
743 3171 827 3248 cujus
840 3169 1002 3247 imperium,
1015 3173 1098 3248 eujus
1116 3190 1181 3230 aus-

163 3261 270 3344 picium
283 3261 374 3321 secuti
394 3268 485 3336 erant,
499 3263 690 3341 requirebant
732 3263 895 3324 Destitutos
910 3282 940 3323 se
960 3264 1037 3324 inter
1057 3265 1182 3326 infestas

162 3356 373 3435 indomitasque
397 3362 506 3435 gentes,
520 3357 721 3434 'expetituras
734 3364 779 3418 tot
798 3358 924 3418 cladium
938 3377 1055 3418 suarum
1068 3377 1180 3437 poenus,

162 3455 397 3534 quandocumque
418 3449 518 3510 oblata
539 3459 615 3511 esset
637 3453 755 3513 occasio.
797 3453 855 3511 His
875 3453 1100 3534 cogitationibus
1119 3455 1181 3514 ani·

161 3569 223 3610 moa
246 3547 416 3624 exedebaut,
439 3551 503 3605 eim
527 3547 726 3624 annunciatur,
748 3546 862 3626 equites
883 3550 935 3628 qui
960 3549 1016 3612 sub
1039 3549 1180 3609 Perdicct

162 3651 265 3719 essent,
291 3643 435 3722 occupatis
459 3642 535 3702 eirea
556 3641 734 3720 Babylonem
754 3642 872 3721 campis,
892 3644 1079 3720 frumentum,
1100 3641 1180 3723 quod

161 3737 193 3794 iu
218 3738 318 3796 urbem
344 3739 539 3813 invehebatur,
567 3735 733 3797 retinuisse.
784 3736 890 3816 Itaque
916 3738 1014 3818 iuopia
1039 3739 1178 3818 primum,

161 3829 264 3888 demde
285 3831 375 3891 fumes
397 3853 461 3894 esse
480 3834 575 3913 coepit.
626 3833 669 3894 Mt
689 3833 740 3912 qui
753 3833 785 3892 iu
804 3835 875 3895 urbe
894 3842 986 3909 eraut,
1006 3842 1057 3894 aut
1078 3851 1178 3894 recou-
