<?xml version="1.0" encoding="UTF-8"?>
<!DOCTYPE html PUBLIC "-//W3C//DTD XHTML 1.0 Transitional//EN"
    "http://www.w3.org/TR/xhtml1/DTD/xhtml1-transitional.dtd">
<html xmlns="http://www.w3.org/1999/xhtml" xml:lang="en" lang="en">
 <head>
  <title>
</title>
<meta http-equiv="Content-Type" content="text/html;charset=utf-8" />
  <meta name='ocr-system' content='tesseract 3.04.00' />
  <meta name='ocr-capabilities' content='ocr_page ocr_carea ocr_par ocr_line ocrx_word'/>
</head>
<body>
  <div class='ocr_page' id='page_1' title='image "./quintuscurtiusr00cellgoog_0234.png"; bbox 0 0 2642 4386; ppageno 0'>
   <div class='ocr_carea' id='block_1_1' title="bbox 434 399 1140 458">
    <p class='ocr_par' dir='ltr' id='par_1_1' title="bbox 434 399 1140 458">
     <span class='ocr_line' id='line_1_1' title="bbox 434 399 1140 458; baseline 0.004 -4"><span class='ocrx_word' id='word_1_1' title='bbox 434 413 557 456; x_wconf 77' lang='lat' dir='ltr'><strong>areca</strong></span> <span class='ocrx_word' id='word_1_2' title='bbox 586 413 638 454; x_wconf 73' lang='grc' dir='ltr'><strong>ιι.</strong></span> <span class='ocrx_word' id='word_1_3' title='bbox 669 413 757 456; x_wconf 74' lang='lat' dir='ltr'><strong>cnr.</strong></span> <span class='ocrx_word' id='word_1_4' title='bbox 788 415 832 456; x_wconf 89' lang='lat'><strong>11.</strong></span> <span class='ocrx_word' id='word_1_5' title='bbox 1081 399 1140 458; x_wconf 81' lang='lat'><strong>219</strong></span> 
     </span>
    </p>
   </div>
   <div class='ocr_carea' id='block_1_2' title="bbox 71 551 1140 924">
    <p class='ocr_par' dir='ltr' id='par_1_2' title="bbox 4 539 1140 822">
     <span class='ocr_line' id='line_1_2' title="bbox 125 551 1140 632; baseline 0.002 -19.787"><span class='ocrx_word' id='word_1_6' title='bbox 125 568 187 612; x_wconf 84' lang='lat' dir='ltr'><strong>esse</strong></span> <span class='ocrx_word' id='word_1_7' title='bbox 201 551 534 632; x_wconf 80' lang='lat' dir='ltr'><strong>Aggrammem,·viginti</strong></span> <span class='ocrx_word' id='word_1_8' title='bbox 553 551 684 614; x_wconf 85' lang='lat' dir='ltr'><strong>millibus</strong></span> <span class='ocrx_word' id='word_1_9' title='bbox 706 552 843 632; x_wconf 85' lang='lat' dir='ltr'><strong>equitum,</strong></span> <span class='ocrx_word' id='word_1_10' title='bbox 857 551 1043 631; x_wconf 69' lang='lat' dir='ltr'><strong>ducentisque</strong></span> <span class='ocrx_word' id='word_1_11' title='bbox 1061 553 1140 631; x_wconf 85' lang='lat' dir='ltr'><strong>pcdi-</strong></span> 
     </span>
     <span class='ocr_line' id='line_1_3' title="bbox 124 647 1138 726; baseline 0.003 -20"><span class='ocrx_word' id='word_1_12' title='bbox 124 655 189 706; x_wconf 85' lang='lat' dir='ltr'><strong>tum</strong></span> <span class='ocrx_word' id='word_1_13' title='bbox 202 648 379 708; x_wconf 82' lang='lat' dir='ltr'><strong>obsidentem</strong></span> <span class='ocrx_word' id='word_1_14' title='bbox 396 647 467 708; x_wconf 81' lang='lat' dir='ltr'><strong>vias.</strong></span> <span class='ocrx_word' id='word_1_15' title='bbox 509 647 561 708; x_wconf 86' lang='lat' dir='ltr'><strong>Ad</strong></span> <span class='ocrx_word' id='word_1_16' title='bbox 583 647 645 707; x_wconf 84' lang='lat' dir='ltr'><strong>haec</strong></span> <span class='ocrx_word' id='word_1_17' title='bbox 668 649 873 726; x_wconf 85' lang='lat' dir='ltr'><strong>quadrigarum</strong></span> <span class='ocrx_word' id='word_1_18' title='bbox 894 647 953 707; x_wconf 90' lang='lat' dir='ltr'><strong>duo</strong></span> <span class='ocrx_word' id='word_1_19' title='bbox 971 648 1064 708; x_wconf 86' lang='lat' dir='ltr'><strong>millia</strong></span> <span class='ocrx_word' id='word_1_20' title='bbox 1083 655 1138 708; x_wconf 85' lang='lat' dir='ltr'><strong>tra-</strong></span> 
     </span>
     <span class='ocr_line' id='line_1_4' title="bbox 123 743 1138 822; baseline 0.003 -21"><span class='ocrx_word' id='word_1_21' title='bbox 123 743 202 818; x_wconf 86' lang='lat' dir='ltr'><strong>berc,</strong></span> <span class='ocrx_word' id='word_1_22' title='bbox 215 750 247 801; x_wconf 90' lang='lat' dir='ltr'><strong>et</strong></span> <span class='ocrx_word' id='word_1_23' title='bbox 267 743 442 820; x_wconf 81' lang='lat' dir='ltr'><strong>praecipuum</strong></span> <span class='ocrx_word' id='word_1_24' title='bbox 465 750 604 801; x_wconf 87' lang='lat' dir='ltr'><strong>terrorem</strong></span> <span class='ocrx_word' id='word_1_25' title='bbox 629 743 806 820; x_wconf 87' lang='lat' dir='ltr'><strong>elephantos,</strong></span> <span class='ocrx_word' id='word_1_26' title='bbox 820 762 893 822; x_wconf 87' lang='lat' dir='ltr'><strong>quos</strong></span> <span class='ocrx_word' id='word_1_27' title='bbox 913 744 1005 802; x_wconf 85' lang='lat' dir='ltr'><strong>trium</strong></span> <span class='ocrx_word' id='word_1_28' title='bbox 1017 743 1138 804; x_wconf 83' lang='lat' dir='ltr'><strong>millium</strong></span> 
     </span>
    </p>

    <p class='ocr_par' dir='ltr' id='par_1_3' title="bbox 71 837 1139 924">
     <span class='ocr_line' id='line_1_5' title="bbox 71 837 1139 924; baseline 0.003 -28"><span class='ocrx_word' id='word_1_29' title='bbox 71 918 74 924; x_wconf 27' lang='grc' dir='ltr'>Ι</span> <span class='ocrx_word' id='word_1_30' title='bbox 122 843 275 898; x_wconf 78' lang='lat' dir='ltr'><strong>numerum</strong></span> <span class='ocrx_word' id='word_1_31' title='bbox 296 838 411 915; x_wconf 86' lang='lat' dir='ltr'><strong>explere</strong></span> <span class='ocrx_word' id='word_1_32' title='bbox 432 837 555 898; x_wconf 89' lang='lat' dir='ltr'><strong>dicebat.</strong></span> <span class='ocrx_word' id='word_1_33' title='bbox 596 837 786 899; x_wconf 75' lang='lat' dir='ltr'><strong>Incredibilia</strong></span> <span class='ocrx_word' id='word_1_34' title='bbox 807 838 870 918; x_wconf 85' lang='lat' dir='ltr'><strong>regi</strong></span> <span class='ocrx_word' id='word_1_35' title='bbox 891 839 986 898; x_wconf 88' lang='lat' dir='ltr'><strong>omnia</strong></span> <span class='ocrx_word' id='word_1_36' title='bbox 1004 839 1139 900; x_wconf 80' lang='lat' dir='ltr'><strong>rideban-</strong></span> 
     </span>
    </p>
   </div>
   <div class='ocr_carea' id='block_1_3' title="bbox 123 933 1139 1014">
    <p class='ocr_par' dir='ltr' id='par_1_4' title="bbox 123 933 1139 1014">
     <span class='ocr_line' id='line_1_6' title="bbox 123 933 1139 1014; baseline 0.002 -22"><span class='ocrx_word' id='word_1_37' title='bbox 123 939 181 994; x_wconf 90' lang='lat' dir='ltr'><strong>tur.</strong></span> <span class='ocrx_word' id='word_1_38' title='bbox 222 933 320 1013; x_wconf 79' lang='lat' dir='ltr'><strong>Igitur</strong></span> <span class='ocrx_word' id='word_1_39' title='bbox 341 935 451 993; x_wconf 89' lang='lat' dir='ltr'><strong>Porum</strong></span> <span class='ocrx_word' id='word_1_40' title='bbox 474 933 552 1009; x_wconf 90' lang='lat' dir='ltr'><strong>(nam</strong></span> <span class='ocrx_word' id='word_1_41' title='bbox 574 953 640 999; x_wconf 89' lang='lat' dir='ltr'><strong>oum</strong></span> <span class='ocrx_word' id='word_1_42' title='bbox 661 953 696 994; x_wconf 90' lang='lat' dir='ltr'><strong>eo</strong></span> <span class='ocrx_word' id='word_1_43' title='bbox 717 937 791 1014; x_wconf 88' lang='lat' dir='ltr'><strong>erat)</strong></span> <span class='ocrx_word' id='word_1_44' title='bbox 806 941 1000 1012; x_wconf 86' lang='lat' dir='ltr'><strong>percontetur,</strong></span> <span class='ocrx_word' id='word_1_45' title='bbox 1014 953 1052 994; x_wconf 85' lang='lat' dir='ltr'><strong>an</strong></span> <span class='ocrx_word' id='word_1_46' title='bbox 1070 953 1139 995; x_wconf 80' lang='lat' dir='ltr'><strong>vera</strong></span> 
     </span>
    </p>
   </div>
   <div class='ocr_carea' id='block_1_4' title="bbox 4 1023 1139 1110">
    <p class='ocr_par' dir='ltr' id='par_1_5' title="bbox 4 1023 1139 1110">
     <span class='ocr_line' id='line_1_7' title="bbox 4 1023 1139 1110; baseline 0.004 -23"><span class='ocrx_word' id='word_1_47' title='bbox 4 1023 6 1058; x_wconf 68' lang='lat'>³</span> <span class='ocrx_word' id='word_1_48' title='bbox 121 1037 227 1104; x_wconf 79' lang='lat' dir='ltr'><strong>essem,</strong></span> <span class='ocrx_word' id='word_1_49' title='bbox 253 1049 317 1108; x_wconf 74' lang='lat' dir='ltr'><strong>quae</strong></span> <span class='ocrx_word' id='word_1_50' title='bbox 343 1029 510 1089; x_wconf 71' lang='lat' dir='ltr'><strong>dicerentur.</strong></span> <span class='ocrx_word' id='word_1_51' title='bbox 553 1028 612 1088; x_wconf 89' lang='lat' dir='ltr'><strong>Ille</strong></span> <span class='ocrx_word' id='word_1_52' title='bbox 637 1029 716 1089; x_wconf 86' lang='lat' dir='ltr'><strong>vires</strong></span> <span class='ocrx_word' id='word_1_53' title='bbox 741 1030 860 1109; x_wconf 89' lang='lat' dir='ltr'><strong>quidem</strong></span> <span class='ocrx_word' id='word_1_54' title='bbox 883 1030 979 1109; x_wconf 82' lang='lat' dir='ltr'><strong>gentis</strong></span> <span class='ocrx_word' id='word_1_55' title='bbox 1001 1037 1032 1090; x_wconf 90' lang='lat' dir='ltr'><strong>et</strong></span> <span class='ocrx_word' id='word_1_56' title='bbox 1057 1031 1139 1110; x_wconf 78' lang='lat' dir='ltr'><strong>regni</strong></span> 
     </span>
    </p>
   </div>
   <div class='ocr_carea' id='block_1_5' title="bbox 116 1122 1141 3964">
    <p class='ocr_par' dir='ltr' id='par_1_6' title="bbox 116 1122 1139 3200">
     <span class='ocr_line' id='line_1_8' title="bbox 120 1122 1138 1204; baseline 0.004 -22"><span class='ocrx_word' id='word_1_57' title='bbox 120 1122 198 1182; x_wconf 86' lang='lat' dir='ltr'><strong>baud</strong></span> <span class='ocrx_word' id='word_1_58' title='bbox 220 1125 294 1184; x_wconf 83' lang='lat' dir='ltr'><strong>falso</strong></span> <span class='ocrx_word' id='word_1_59' title='bbox 315 1123 420 1201; x_wconf 83' lang='lat' dir='ltr'><strong>jactari</strong></span> <span class='ocrx_word' id='word_1_60' title='bbox 442 1123 583 1200; x_wconf 71' lang='lat' dir='ltr'><strong>affirmatq</strong></span> <span class='ocrx_word' id='word_1_61' title='bbox 604 1129 739 1185; x_wconf 77' lang='lat' dir='ltr'><strong>caeterum</strong></span> <span class='ocrx_word' id='word_1_62' title='bbox 752 1125 802 1204; x_wconf 89' lang='lat' dir='ltr'><strong>qui</strong></span> <span class='ocrx_word' id='word_1_63' title='bbox 822 1133 958 1204; x_wconf 87' lang='lat' dir='ltr'><strong>regnaret</strong></span> <span class='ocrx_word' id='word_1_64' title='bbox 975 1145 1033 1185; x_wconf 93' lang='lat' dir='ltr'><strong>non</strong></span> <span class='ocrx_word' id='word_1_65' title='bbox 1052 1126 1138 1186; x_wconf 82' lang='lat' dir='ltr'><strong>modo</strong></span> 
     </span>
     <span class='ocr_line' id='line_1_9' title="bbox 120 1218 1138 1298; baseline 0.004 -20"><span class='ocrx_word' id='word_1_66' title='bbox 120 1219 275 1298; x_wconf 79' lang='lat' dir='ltr'><strong>ignobilem</strong></span> <span class='ocrx_word' id='word_1_67' title='bbox 288 1239 359 1296; x_wconf 88' lang='lat' dir='ltr'><strong>esse,</strong></span> <span class='ocrx_word' id='word_1_68' title='bbox 374 1218 426 1278; x_wconf 90' lang='lat' dir='ltr'><strong>sed</strong></span> <span class='ocrx_word' id='word_1_69' title='bbox 449 1218 538 1276; x_wconf 86' lang='lat' dir='ltr'><strong>etiarn</strong></span> <span class='ocrx_word' id='word_1_70' title='bbox 560 1218 673 1278; x_wconf 85' lang='lat' dir='ltr'><strong>ultimae</strong></span> <span class='ocrx_word' id='word_1_71' title='bbox 693 1220 797 1279; x_wconf 84' lang='lat' dir='ltr'><strong>sortis:</strong></span> <span class='ocrx_word' id='word_1_72' title='bbox 817 1220 926 1297; x_wconf 90' lang='lat' dir='ltr'><strong>quippe</strong></span> <span class='ocrx_word' id='word_1_73' title='bbox 946 1227 1057 1297; x_wconf 83' lang='lat' dir='ltr'><strong>petrem</strong></span> <span class='ocrx_word' id='word_1_74' title='bbox 1077 1224 1138 1298; x_wconf 57' lang='lat' dir='ltr'><strong>dus</strong></span> 
     </span>
     <span class='ocr_line' id='line_1_10' title="bbox 120 1313 1139 1393; baseline 0.002 -19"><span class='ocrx_word' id='word_1_75' title='bbox 120 1321 264 1374; x_wconf 82' lang='lat' dir='ltr'><strong>tonsorem</strong></span> <span class='ocrx_word' id='word_1_76' title='bbox 289 1315 342 1374; x_wconf 84' lang='lat' dir='ltr'><strong>vix</strong></span> <span class='ocrx_word' id='word_1_77' title='bbox 368 1313 472 1372; x_wconf 85' lang='lat' dir='ltr'><strong>diurno</strong></span> <span class='ocrx_word' id='word_1_78' title='bbox 498 1319 613 1390; x_wconf 80' lang='lat' dir='ltr'><strong>quaestu</strong></span> <span class='ocrx_word' id='word_1_79' title='bbox 638 1314 854 1390; x_wconf 76' lang='lat' dir='ltr'><strong>propulsantem</strong></span> <span class='ocrx_word' id='word_1_80' title='bbox 880 1315 995 1390; x_wconf 88' lang='lat' dir='ltr'><strong>famem,</strong></span> <span class='ocrx_word' id='word_1_81' title='bbox 1021 1325 1139 1393; x_wconf 86' lang='lat' dir='ltr'><strong>propter</strong></span> 
     </span>
     <span class='ocr_line' id='line_1_11' title="bbox 119 1407 1139 1486; baseline 0.001 -18"><span class='ocrx_word' id='word_1_82' title='bbox 119 1410 252 1470; x_wconf 90' lang='lat' dir='ltr'><strong>babitum</strong></span> <span class='ocrx_word' id='word_1_83' title='bbox 273 1409 352 1466; x_wconf 89' lang='lat' dir='ltr'><strong>haud</strong></span> <span class='ocrx_word' id='word_1_84' title='bbox 372 1407 538 1466; x_wconf 89' lang='lat' dir='ltr'><strong>indecorum</strong></span> <span class='ocrx_word' id='word_1_85' title='bbox 560 1407 659 1466; x_wconf 88' lang='lat' dir='ltr'><strong>¹cordi</strong></span> <span class='ocrx_word' id='word_1_86' title='bbox 679 1407 770 1466; x_wconf 84' lang='lat' dir='ltr'><strong>fuisse</strong></span> <span class='ocrx_word' id='word_1_87' title='bbox 790 1407 921 1486; x_wconf 81' lang='lat' dir='ltr'><strong>Reginae.</strong></span> <span class='ocrx_word' id='word_1_88' title='bbox 962 1408 1032 1468; x_wconf 76' lang='lat' dir='ltr'><strong>&#39;Ab</strong></span> <span class='ocrx_word' id='word_1_89' title='bbox 1054 1414 1090 1468; x_wconf 75' lang='lat' dir='ltr'><strong>ea</strong></span> <span class='ocrx_word' id='word_1_90' title='bbox 1109 1409 1139 1469; x_wconf 90' lang='lat' dir='ltr'><strong>in</strong></span> 
     </span>
     <span class='ocr_line' id='line_1_12' title="bbox 119 1502 1138 1581; baseline 0.004 -21"><span class='ocrx_word' id='word_1_91' title='bbox 119 1503 283 1581; x_wconf 81' lang='lat' dir='ltr'><strong>propiorem</strong></span> <span class='ocrx_word' id='word_1_92' title='bbox 304 1505 376 1579; x_wconf 87' lang='lat' dir='ltr'><strong>ejus,</strong></span> <span class='ocrx_word' id='word_1_93' title='bbox 388 1502 439 1581; x_wconf 86' lang='lat' dir='ltr'><strong>qui</strong></span> <span class='ocrx_word' id='word_1_94' title='bbox 460 1508 523 1560; x_wconf 90' lang='lat' dir='ltr'><strong>tum</strong></span> <span class='ocrx_word' id='word_1_95' title='bbox 543 1504 701 1580; x_wconf 75' lang='lat' dir='ltr'><strong>regnisset,</strong></span> <span class='ocrx_word' id='word_1_96' title='bbox 717 1502 853 1562; x_wconf 73' lang='lat' dir='ltr'><strong>amicitiis</strong></span> <span class='ocrx_word' id='word_1_97' title='bbox 873 1503 967 1562; x_wconf 88' lang='lat' dir='ltr'><strong>locum</strong></span> <span class='ocrx_word' id='word_1_98' title='bbox 980 1503 1138 1581; x_wconf 89' lang='lat' dir='ltr'><strong>admotum,</strong></span> 
     </span>
     <span class='ocr_line' id='line_1_13' title="bbox 119 1597 1138 1678; baseline 0.004 -22"><span class='ocrx_word' id='word_1_99' title='bbox 119 1598 274 1656; x_wconf 86' lang='lat' dir='ltr'><strong>interfecto</strong></span> <span class='ocrx_word' id='word_1_100' title='bbox 300 1617 335 1658; x_wconf 90' lang='lat' dir='ltr'><strong>eo</strong></span> <span class='ocrx_word' id='word_1_101' title='bbox 357 1617 409 1676; x_wconf 88' lang='lat' dir='ltr'><strong>per</strong></span> <span class='ocrx_word' id='word_1_102' title='bbox 431 1597 562 1673; x_wconf 87' lang='lat' dir='ltr'><strong>insidias,</strong></span> <span class='ocrx_word' id='word_1_103' title='bbox 588 1598 642 1658; x_wconf 89' lang='lat' dir='ltr'><strong>snb</strong></span> <span class='ocrx_word' id='word_1_104' title='bbox 670 1597 764 1676; x_wconf 87' lang='lat' dir='ltr'><strong>speeie</strong></span> <span class='ocrx_word' id='word_1_105' title='bbox 790 1599 891 1659; x_wconf 83' lang='lat' dir='ltr'><strong>tutelae</strong></span> <span class='ocrx_word' id='word_1_106' title='bbox 913 1597 1049 1676; x_wconf 78' lang='lat' dir='ltr'><strong>liberum,</strong></span> <span class='ocrx_word' id='word_1_107' title='bbox 1076 1603 1138 1678; x_wconf 84' lang='lat' dir='ltr'><strong>ejus</strong></span> 
     </span>
     <span class='ocr_line' id='line_1_14' title="bbox 119 1693 1138 1776; baseline 0.001 -23"><span class='ocrx_word' id='word_1_108' title='bbox 119 1693 263 1753; x_wconf 71' lang='lat' dir='ltr'><strong>invasime</strong></span> <span class='ocrx_word' id='word_1_109' title='bbox 287 1713 416 1772; x_wconf 80' lang='lat' dir='ltr'><strong>regnum,</strong></span> <span class='ocrx_word' id='word_1_110' title='bbox 436 1693 602 1771; x_wconf 71' lang='lat' dir='ltr'><strong>necatisque</strong></span> <span class='ocrx_word' id='word_1_111' title='bbox 630 1693 737 1770; x_wconf 87' lang='lat' dir='ltr'><strong>pueris,</strong></span> <span class='ocrx_word' id='word_1_112' title='bbox 758 1693 834 1752; x_wconf 90' lang='lat' dir='ltr'><strong>buno</strong></span> <span class='ocrx_word' id='word_1_113' title='bbox 859 1694 910 1773; x_wconf 89' lang='lat' dir='ltr'><strong>qui</strong></span> <span class='ocrx_word' id='word_1_114' title='bbox 936 1714 1011 1754; x_wconf 89' lang='lat' dir='ltr'><strong>nuno</strong></span> <span class='ocrx_word' id='word_1_115' title='bbox 1036 1703 1138 1776; x_wconf 79' lang='lat' dir='ltr'><strong>regnat</strong></span> 
     </span>
     <span class='ocr_line' id='line_1_15' title="bbox 118 1789 1137 1870; baseline 0.004 -24"><span class='ocrx_word' id='word_1_116' title='bbox 118 1791 283 1868; x_wconf 62' lang='lat' dir='ltr'><strong>gmemsse,</strong></span> <span class='ocrx_word' id='word_1_117' title='bbox 304 1789 430 1849; x_wconf 81' lang='lat' dir='ltr'><strong>invisum</strong></span> <span class='ocrx_word' id='word_1_118' title='bbox 442 1789 587 1868; x_wconf 81' lang='lat' dir='ltr'><strong>vilemque</strong></span> <span class='ocrx_word' id='word_1_119' title='bbox 608 1789 803 1866; x_wconf 86' lang='lat' dir='ltr'><strong>popularibus,</strong></span> <span class='ocrx_word' id='word_1_120' title='bbox 818 1790 911 1870; x_wconf 86' lang='lat' dir='ltr'><strong>magis</strong></span> <span class='ocrx_word' id='word_1_121' title='bbox 933 1797 1062 1868; x_wconf 85' lang='lat' dir='ltr'><strong>paternae</strong></span> <span class='ocrx_word' id='word_1_122' title='bbox 1080 1791 1137 1852; x_wconf 87' lang='lat' dir='ltr'><strong>for·</strong></span> 
     </span>
     <span class='ocr_line' id='line_1_16' title="bbox 119 1883 1137 1964; baseline 0.003 -22"><span class='ocrx_word' id='word_1_123' title='bbox 119 1890 201 1943; x_wconf 83' lang='lat' dir='ltr'><strong>tunso</strong></span> <span class='ocrx_word' id='word_1_124' title='bbox 213 1885 302 1962; x_wconf 72' lang='lat' dir='ltr'><strong>quam</strong></span> <span class='ocrx_word' id='word_1_125' title='bbox 323 1901 384 1943; x_wconf 81' lang='lat' dir='ltr'><strong>suae</strong></span> <span class='ocrx_word' id='word_1_126' title='bbox 404 1901 566 1943; x_wconf 86' lang='lat' dir='ltr'><strong>memorem.</strong></span> <span class='ocrx_word' id='word_1_127' title='bbox 615 1883 778 1942; x_wconf 84' lang='lat' dir='ltr'><strong>Affirmatio</strong></span> <span class='ocrx_word' id='word_1_128' title='bbox 792 1885 862 1944; x_wconf 89' lang='lat' dir='ltr'><strong>Pori</strong></span> <span class='ocrx_word' id='word_1_129' title='bbox 874 1885 1065 1964; x_wconf 85' lang='lat' dir='ltr'><strong>multiplicem</strong></span> <span class='ocrx_word' id='word_1_130' title='bbox 1078 1885 1137 1945; x_wconf 85' lang='lat' dir='ltr'><strong>ani-</strong></span> 
     </span>
     <span class='ocr_line' id='line_1_17' title="bbox 118 1979 1136 2058; baseline 0 -20"><span class='ocrx_word' id='word_1_131' title='bbox 118 1997 168 2038; x_wconf 88' lang='lat' dir='ltr'><strong>mo</strong></span> <span class='ocrx_word' id='word_1_132' title='bbox 199 1979 291 2058; x_wconf 83' lang='lat' dir='ltr'><strong>Regis</strong></span> <span class='ocrx_word' id='word_1_133' title='bbox 316 1979 459 2056; x_wconf 86' lang='lat' dir='ltr'><strong>injecerat</strong></span> <span class='ocrx_word' id='word_1_134' title='bbox 481 1997 598 2038; x_wconf 86' lang='lat' dir='ltr'><strong>curam:</strong></span> <span class='ocrx_word' id='word_1_135' title='bbox 631 1979 745 2038; x_wconf 86' lang='lat' dir='ltr'><strong>hostem</strong></span> <span class='ocrx_word' id='word_1_136' title='bbox 771 1979 940 2058; x_wconf 76' lang='lat' dir='ltr'><strong>belluasque</strong></span> <span class='ocrx_word' id='word_1_137' title='bbox 974 1981 1136 2057; x_wconf 73' lang='lat' dir='ltr'><strong>spernebat,</strong></span> 
     </span>
     <span class='ocr_line' id='line_1_18' title="bbox 118 2073 1137 2153; baseline 0 -19"><span class='ocrx_word' id='word_1_138' title='bbox 118 2073 210 2134; x_wconf 87' lang='lat' dir='ltr'><strong>situm</strong></span> <span class='ocrx_word' id='word_1_139' title='bbox 232 2074 360 2134; x_wconf 88' lang='lat' dir='ltr'><strong>locorum</strong></span> <span class='ocrx_word' id='word_1_140' title='bbox 381 2081 411 2132; x_wconf 90' lang='lat' dir='ltr'><strong>ct</strong></span> <span class='ocrx_word' id='word_1_141' title='bbox 432 2073 494 2134; x_wconf 83' lang='lat' dir='ltr'><strong>vim</strong></span> <span class='ocrx_word' id='word_1_142' title='bbox 518 2073 668 2132; x_wconf 86' lang='lat' dir='ltr'><strong>fluminum</strong></span> <span class='ocrx_word' id='word_1_143' title='bbox 690 2074 902 2134; x_wconf 79' lang='lat' dir='ltr'><strong>extimescebat.</strong></span> <span class='ocrx_word' id='word_1_144' title='bbox 960 2074 1137 2153; x_wconf 82' lang='lat' dir='ltr'><strong>&#39;Relegatos</strong></span> 
     </span>
     <span class='ocr_line' id='line_1_19' title="bbox 117 2168 1137 2248; baseline -0.003 -20"><span class='ocrx_word' id='word_1_145' title='bbox 117 2169 154 2228; x_wconf 82' lang='lat' dir='ltr'><strong>im</strong></span> <span class='ocrx_word' id='word_1_146' title='bbox 175 2169 311 2226; x_wconf 76' lang='lat' dir='ltr'><strong>altinum</strong></span> <span class='ocrx_word' id='word_1_147' title='bbox 333 2170 407 2246; x_wconf 78' lang='lat' dir='ltr'><strong>pene</strong></span> <span class='ocrx_word' id='word_1_148' title='bbox 430 2188 527 2227; x_wconf 90' lang='lat' dir='ltr'><strong>rerum</strong></span> <span class='ocrx_word' id='word_1_149' title='bbox 550 2169 740 2226; x_wconf 86' lang='lat' dir='ltr'><strong>humanarum</strong></span> <span class='ocrx_word' id='word_1_150' title='bbox 763 2169 918 2226; x_wconf 87' lang='lat' dir='ltr'><strong>terminum</strong></span> <span class='ocrx_word' id='word_1_151' title='bbox 945 2168 1088 2248; x_wconf 78' lang='lat' dir='ltr'><strong>persequi,</strong></span> <span class='ocrx_word' id='word_1_152' title='bbox 1108 2175 1137 2228; x_wconf 84' lang='lat' dir='ltr'><strong>et</strong></span> 
     </span>
     <span class='ocr_line' id='line_1_20' title="bbox 118 2263 1138 2342; baseline 0 -18"><span class='ocrx_word' id='word_1_153' title='bbox 118 2282 230 2339; x_wconf 89' lang='lat' dir='ltr'><strong>eruere,</strong></span> <span class='ocrx_word' id='word_1_154' title='bbox 245 2265 366 2324; x_wconf 89' lang='lat' dir='ltr'><strong>arduum</strong></span> <span class='ocrx_word' id='word_1_155' title='bbox 378 2263 540 2325; x_wconf 83' lang='lat' dir='ltr'><strong>ridebatur.</strong></span> <span class='ocrx_word' id='word_1_156' title='bbox 583 2264 697 2322; x_wconf 86' lang='lat' dir='ltr'><strong>Rursus</strong></span> <span class='ocrx_word' id='word_1_157' title='bbox 716 2263 842 2322; x_wconf 86' lang='lat' dir='ltr'><strong>avaritia</strong></span> <span class='ocrx_word' id='word_1_158' title='bbox 856 2263 965 2342; x_wconf 84' lang='lat' dir='ltr'><strong>gloriae,</strong></span> <span class='ocrx_word' id='word_1_159' title='bbox 979 2271 1008 2322; x_wconf 89' lang='lat' dir='ltr'><strong>et</strong></span> <span class='ocrx_word' id='word_1_160' title='bbox 1020 2264 1138 2324; x_wconf 85' lang='lat' dir='ltr'><strong>insatia-</strong></span> 
     </span>
     <span class='ocr_line' id='line_1_21' title="bbox 116 2357 1136 2438; baseline -0.001 -15"><span class='ocrx_word' id='word_1_161' title='bbox 116 2359 188 2423; x_wconf 87' lang='lat' dir='ltr'><strong>bilis</strong></span> <span class='ocrx_word' id='word_1_162' title='bbox 206 2359 309 2438; x_wconf 88' lang='lat' dir='ltr'><strong>cupido</strong></span> <span class='ocrx_word' id='word_1_163' title='bbox 321 2359 416 2435; x_wconf 87' lang='lat' dir='ltr'><strong>famae,</strong></span> <span class='ocrx_word' id='word_1_164' title='bbox 429 2357 504 2418; x_wconf 91' lang='lat' dir='ltr'><strong>nihil</strong></span> <span class='ocrx_word' id='word_1_165' title='bbox 525 2358 644 2434; x_wconf 89' lang='lat' dir='ltr'><strong>invium,</strong></span> <span class='ocrx_word' id='word_1_166' title='bbox 658 2357 731 2418; x_wconf 87' lang='lat' dir='ltr'><strong>nihil</strong></span> <span class='ocrx_word' id='word_1_167' title='bbox 751 2366 895 2418; x_wconf 85' lang='lat' dir='ltr'><strong>remotum</strong></span> <span class='ocrx_word' id='word_1_168' title='bbox 907 2359 1003 2419; x_wconf 78' lang='lat' dir='ltr'><strong>videri</strong></span> <span class='ocrx_word' id='word_1_169' title='bbox 1016 2359 1136 2422; x_wconf 82' lang='lat' dir='ltr'><strong>sinebat</strong></span> 
     </span>
     <span class='ocr_line' id='line_1_22' title="bbox 119 2453 1137 2533; baseline -0.001 -16"><span class='ocrx_word' id='word_1_170' title='bbox 119 2457 164 2517; x_wconf 72' lang='lat' dir='ltr'><strong>Ec</strong></span> <span class='ocrx_word' id='word_1_171' title='bbox 176 2455 324 2514; x_wconf 89' lang='lat' dir='ltr'><strong>interdum</strong></span> <span class='ocrx_word' id='word_1_172' title='bbox 337 2453 498 2530; x_wconf 73' lang='lat' dir='ltr'><strong>dubitabat,</strong></span> <span class='ocrx_word' id='word_1_173' title='bbox 511 2473 550 2512; x_wconf 88' lang='lat' dir='ltr'><strong>en</strong></span> <span class='ocrx_word' id='word_1_174' title='bbox 564 2453 737 2513; x_wconf 79' lang='lat' dir='ltr'><strong>Macedones</strong></span> <span class='ocrx_word' id='word_1_175' title='bbox 756 2460 802 2513; x_wconf 93' lang='lat' dir='ltr'><strong>tot</strong></span> <span class='ocrx_word' id='word_1_176' title='bbox 822 2455 929 2514; x_wconf 86' lang='lat' dir='ltr'><strong>emensi</strong></span> <span class='ocrx_word' id='word_1_177' title='bbox 942 2456 1036 2533; x_wconf 90' lang='lat' dir='ltr'><strong>spatia</strong></span> <span class='ocrx_word' id='word_1_178' title='bbox 1048 2462 1137 2516; x_wconf 74' lang='lat' dir='ltr'><strong>terra·</strong></span> 
     </span>
     <span class='ocr_line' id='line_1_23' title="bbox 117 2550 1139 2630; baseline -0.001 -17"><span class='ocrx_word' id='word_1_179' title='bbox 117 2571 192 2628; x_wconf 84' lang='lat' dir='ltr'><strong>rum,</strong></span> <span class='ocrx_word' id='word_1_180' title='bbox 206 2553 237 2610; x_wconf 91' lang='lat' dir='ltr'><strong>in</strong></span> <span class='ocrx_word' id='word_1_181' title='bbox 251 2551 320 2627; x_wconf 87' lang='lat' dir='ltr'><strong>acie,</strong></span> <span class='ocrx_word' id='word_1_182' title='bbox 335 2557 365 2610; x_wconf 92' lang='lat' dir='ltr'><strong>et</strong></span> <span class='ocrx_word' id='word_1_183' title='bbox 384 2550 532 2609; x_wconf 79' lang='lat' dir='ltr'><strong>incastris</strong></span> <span class='ocrx_word' id='word_1_184' title='bbox 555 2550 798 2628; x_wconf 85' lang='lat' dir='ltr'><strong>sencsfacti,per</strong></span> <span class='ocrx_word' id='word_1_185' title='bbox 817 2551 928 2628; x_wconf 78' lang='lat' dir='ltr'><strong>objecta</strong></span> <span class='ocrx_word' id='word_1_186' title='bbox 948 2551 1073 2626; x_wconf 85' lang='lat' dir='ltr'><strong>flumina,</strong></span> <span class='ocrx_word' id='word_1_187' title='bbox 1086 2571 1139 2630; x_wconf 89' lang='lat' dir='ltr'><strong>per</strong></span> 
     </span>
     <span class='ocr_line' id='line_1_24' title="bbox 118 2645 1137 2708; baseline 0 -2"><span class='ocrx_word' id='word_1_188' title='bbox 118 2655 166 2706; x_wconf 88' lang='lat' dir='ltr'><strong>tot</strong></span> <span class='ocrx_word' id='word_1_189' title='bbox 177 2654 292 2708; x_wconf 83' lang='lat' dir='ltr'><strong>naturae</strong></span> <span class='ocrx_word' id='word_1_190' title='bbox 306 2646 454 2707; x_wconf 72' lang='lat' dir='ltr'><strong>obstantes</strong></span> <span class='ocrx_word' id='word_1_191' title='bbox 468 2645 651 2704; x_wconf 85' lang='lat' dir='ltr'><strong>difficultates</strong></span> <span class='ocrx_word' id='word_1_192' title='bbox 671 2645 798 2704; x_wconf 88' lang='lat' dir='ltr'><strong>secuturi</strong></span> <span class='ocrx_word' id='word_1_193' title='bbox 817 2654 921 2707; x_wconf 88' lang='lat' dir='ltr'><strong>essent.</strong></span> <span class='ocrx_word' id='word_1_194' title='bbox 962 2647 1137 2708; x_wconf 78' lang='lat' dir='ltr'><strong>⁴Abuudau·</strong></span> 
     </span>
     <span class='ocr_line' id='line_1_25' title="bbox 118 2740 1138 2821; baseline -0.002 -19"><span class='ocrx_word' id='word_1_195' title='bbox 118 2750 165 2802; x_wconf 87' lang='lat' dir='ltr'><strong>tes</strong></span> <span class='ocrx_word' id='word_1_196' title='bbox 178 2750 351 2821; x_wconf 88' lang='lat' dir='ltr'><strong>onustosque</strong></span> <span class='ocrx_word' id='word_1_197' title='bbox 364 2741 474 2820; x_wconf 67' lang='lat' dir='ltr'><strong>praedi,</strong></span> <span class='ocrx_word' id='word_1_198' title='bbox 491 2743 584 2821; x_wconf 78' lang='lat' dir='ltr'><strong>magis</strong></span> <span class='ocrx_word' id='word_1_199' title='bbox 597 2745 682 2819; x_wconf 79' lang='lat' dir='ltr'><strong>parca</strong></span> <span class='ocrx_word' id='word_1_200' title='bbox 695 2740 754 2800; x_wconf 80' lang='lat' dir='ltr'><strong>frui</strong></span> <span class='ocrx_word' id='word_1_201' title='bbox 767 2740 851 2816; x_wconf 84' lang='lat' dir='ltr'><strong>velle,</strong></span> <span class='ocrx_word' id='word_1_202' title='bbox 865 2744 952 2819; x_wconf 78' lang='lat' dir='ltr'><strong>quam</strong></span> <span class='ocrx_word' id='word_1_203' title='bbox 965 2742 1138 2820; x_wconf 74' lang='lat' dir='ltr'><strong>acquirendi</strong></span> 
     </span>
     <span class='ocr_line' id='line_1_26' title="bbox 116 2835 1138 2917; baseline 0.001 -21"><span class='ocrx_word' id='word_1_204' title='bbox 116 2837 247 2917; x_wconf 80' lang='lat' dir='ltr'><strong>fatigari.</strong></span> <span class='ocrx_word' id='word_1_205' title='bbox 303 2837 372 2895; x_wconf 87' lang='lat' dir='ltr'><strong>Non</strong></span> <span class='ocrx_word' id='word_1_206' title='bbox 399 2837 495 2895; x_wconf 75' lang='lat' dir='ltr'><strong>‘idem</strong></span> <span class='ocrx_word' id='word_1_207' title='bbox 523 2836 589 2911; x_wconf 89' lang='lat' dir='ltr'><strong>sibi,</strong></span> <span class='ocrx_word' id='word_1_208' title='bbox 622 2842 652 2894; x_wconf 91' lang='lat' dir='ltr'><strong>et</strong></span> <span class='ocrx_word' id='word_1_209' title='bbox 683 2835 826 2895; x_wconf 88' lang='lat' dir='ltr'><strong>militibus</strong></span> <span class='ocrx_word' id='word_1_210' title='bbox 859 2835 949 2893; x_wconf 88' lang='lat' dir='ltr'><strong>animi</strong></span> <span class='ocrx_word' id='word_1_211' title='bbox 974 2853 1045 2896; x_wconf 87' lang='lat' dir='ltr'><strong>esse.</strong></span> <span class='ocrx_word' id='word_1_212' title='bbox 1100 2835 1138 2897; x_wconf 84' lang='lat' dir='ltr'><strong>Se</strong></span> 
     </span>
     <span class='ocr_line' id='line_1_27' title="bbox 116 2929 1137 3008; baseline -0.002 -16"><span class='ocrx_word' id='word_1_213' title='bbox 116 2933 214 2992; x_wconf 87' lang='lat' dir='ltr'><strong>totius</strong></span> <span class='ocrx_word' id='word_1_214' title='bbox 236 2931 493 3008; x_wconf 82' lang='lat' dir='ltr'><strong>orbisimperium</strong></span> <span class='ocrx_word' id='word_1_215' title='bbox 514 2938 612 2990; x_wconf 86' lang='lat' dir='ltr'><strong>mente</strong></span> <span class='ocrx_word' id='word_1_216' title='bbox 635 2931 822 3008; x_wconf 85' lang='lat' dir='ltr'><strong>complexum,</strong></span> <span class='ocrx_word' id='word_1_217' title='bbox 846 2929 941 2988; x_wconf 88' lang='lat' dir='ltr'><strong>adbuc</strong></span> <span class='ocrx_word' id='word_1_218' title='bbox 962 2930 994 2988; x_wconf 90' lang='lat' dir='ltr'><strong>in</strong></span> <span class='ocrx_word' id='word_1_219' title='bbox 1021 2951 1137 3008; x_wconf 85' lang='lat' dir='ltr'><strong>operum</strong></span> 
     </span>
     <span class='ocr_line' id='line_1_28' title="bbox 116 3025 1138 3106; baseline -0.003 -17"><span class='ocrx_word' id='word_1_220' title='bbox 116 3045 242 3090; x_wconf 88' lang='lat' dir='ltr'><strong>suorum</strong></span> <span class='ocrx_word' id='word_1_221' title='bbox 263 3025 418 3104; x_wconf 89' lang='lat' dir='ltr'><strong>primordio</strong></span> <span class='ocrx_word' id='word_1_222' title='bbox 432 3033 517 3085; x_wconf 89' lang='lat' dir='ltr'><strong>stare.</strong></span> <span class='ocrx_word' id='word_1_223' title='bbox 559 3025 689 3084; x_wconf 86' lang='lat' dir='ltr'><strong>Militem</strong></span> <span class='ocrx_word' id='word_1_224' title='bbox 709 3025 807 3084; x_wconf 88' lang='lat' dir='ltr'><strong>labore</strong></span> <span class='ocrx_word' id='word_1_225' title='bbox 828 3025 1029 3105; x_wconf 81' lang='lat' dir='ltr'><strong>defatigatum,</strong></span> <span class='ocrx_word' id='word_1_226' title='bbox 1042 3029 1138 3106; x_wconf 86' lang='lat' dir='ltr'><strong>proxi-</strong></span> 
     </span>
     <span class='ocr_line' id='line_1_29' title="bbox 116 3119 1032 3200; baseline -0.001 -16"><span class='ocrx_word' id='word_1_227' title='bbox 116 3143 200 3184; x_wconf 84' lang='lat' dir='ltr'><strong>mum</strong></span> <span class='ocrx_word' id='word_1_228' title='bbox 213 3139 355 3200; x_wconf 88' lang='lat' dir='ltr'><strong>quemque</strong></span> <span class='ocrx_word' id='word_1_229' title='bbox 367 3121 502 3196; x_wconf 81' lang='lat' dir='ltr'><strong>fructum,</strong></span> <span class='ocrx_word' id='word_1_230' title='bbox 516 3119 598 3178; x_wconf 88' lang='lat' dir='ltr'><strong>finito</strong></span> <span class='ocrx_word' id='word_1_231' title='bbox 610 3120 727 3178; x_wconf 86' lang='lat' dir='ltr'><strong>tandem</strong></span> <span class='ocrx_word' id='word_1_232' title='bbox 739 3120 875 3198; x_wconf 86' lang='lat' dir='ltr'><strong>periculo,</strong></span> <span class='ocrx_word' id='word_1_233' title='bbox 890 3129 1032 3200; x_wconf 84' lang='lat' dir='ltr'><strong>expetere.</strong></span> 
     </span>
    </p>

    <p class='ocr_par' dir='ltr' id='par_1_7' title="bbox 118 3213 1141 3964">
     <span class='ocr_line' id='line_1_30' title="bbox 182 3213 1139 3295; baseline -0.001 -17"><span class='ocrx_word' id='word_1_234' title='bbox 182 3221 209 3278; x_wconf 83' lang='lat' dir='ltr'><strong>e.</strong></span> <span class='ocrx_word' id='word_1_235' title='bbox 232 3217 316 3278; x_wconf 90' lang='lat' dir='ltr'><strong>Vicit</strong></span> <span class='ocrx_word' id='word_1_236' title='bbox 337 3218 404 3295; x_wconf 78' lang='lat' dir='ltr'><strong>ergo</strong></span> <span class='ocrx_word' id='word_1_237' title='bbox 428 3215 532 3293; x_wconf 88' lang='lat' dir='ltr'><strong>cupido</strong></span> <span class='ocrx_word' id='word_1_238' title='bbox 554 3213 702 3290; x_wconf 87' lang='lat' dir='ltr'><strong>rationem,</strong></span> <span class='ocrx_word' id='word_1_239' title='bbox 724 3221 753 3274; x_wconf 92' lang='lat' dir='ltr'><strong>et</strong></span> <span class='ocrx_word' id='word_1_240' title='bbox 776 3215 815 3273; x_wconf 92' lang='lat' dir='ltr'><strong>ad</strong></span> <span class='ocrx_word' id='word_1_241' title='bbox 837 3216 1002 3276; x_wconf 87' lang='lat' dir='ltr'><strong>concionem</strong></span> <span class='ocrx_word' id='word_1_242' title='bbox 1026 3219 1139 3278; x_wconf 84' lang='lat' dir='ltr'><strong>vocatis</strong></span> 
     </span>
     <span class='ocr_line' id='line_1_31' title="bbox 118 3309 1138 3392; baseline -0.005 -17"><span class='ocrx_word' id='word_1_243' title='bbox 118 3313 271 3388; x_wconf 85' lang='lat' dir='ltr'><strong>militibus,</strong></span> <span class='ocrx_word' id='word_1_244' title='bbox 285 3311 323 3371; x_wconf 86' lang='lat' dir='ltr'><strong>ad</strong></span> <span class='ocrx_word' id='word_1_245' title='bbox 345 3311 422 3370; x_wconf 89' lang='lat' dir='ltr'><strong>bunc</strong></span> <span class='ocrx_word' id='word_1_246' title='bbox 443 3311 568 3370; x_wconf 77' lang='lat' dir='ltr'><strong>maxime</strong></span> <span class='ocrx_word' id='word_1_247' title='bbox 588 3309 706 3368; x_wconf 87' lang='lat' dir='ltr'><strong>modum</strong></span> <span class='ocrx_word' id='word_1_248' title='bbox 727 3309 871 3372; x_wconf 74' lang='lat' dir='ltr'><strong>dissmuit</strong></span> <span class='ocrx_word' id='word_1_249' title='bbox 918 3312 1015 3372; x_wconf 88' lang='lat' dir='ltr'><strong>“Non</strong></span> <span class='ocrx_word' id='word_1_250' title='bbox 1028 3315 1138 3392; x_wconf 83' lang='lat' dir='ltr'><strong>ignoro,</strong></span> 
     </span>
     <span class='ocr_line' id='line_1_32' title="bbox 118 3406 1140 3488; baseline -0.005 -19"><span class='ocrx_word' id='word_1_251' title='bbox 118 3407 240 3483; x_wconf 86' lang='lat' dir='ltr'><strong>milites,</strong></span> <span class='ocrx_word' id='word_1_252' title='bbox 253 3407 354 3483; x_wconf 87' lang='lat' dir='ltr'><strong>multa,</strong></span> <span class='ocrx_word' id='word_1_253' title='bbox 367 3427 433 3488; x_wconf 86' lang='lat' dir='ltr'><strong>quae</strong></span> <span class='ocrx_word' id='word_1_254' title='bbox 454 3413 563 3466; x_wconf 80' lang='lat' dir='ltr'><strong>terrere</strong></span> <span class='ocrx_word' id='word_1_255' title='bbox 576 3423 629 3466; x_wconf 82' lang='lat' dir='ltr'><strong>vos</strong></span> <span class='ocrx_word' id='word_1_256' title='bbox 651 3412 777 3484; x_wconf 88' lang='lat' dir='ltr'><strong>possent,</strong></span> <span class='ocrx_word' id='word_1_257' title='bbox 791 3406 828 3467; x_wconf 90' lang='lat' dir='ltr'><strong>ab</strong></span> <span class='ocrx_word' id='word_1_258' title='bbox 847 3407 954 3466; x_wconf 87' lang='lat' dir='ltr'><strong>incolis</strong></span> <span class='ocrx_word' id='word_1_259' title='bbox 973 3407 1068 3466; x_wconf 88' lang='lat' dir='ltr'><strong>Indiae</strong></span> <span class='ocrx_word' id='word_1_260' title='bbox 1087 3425 1140 3484; x_wconf 88' lang='lat' dir='ltr'><strong>per</strong></span> 
     </span>
     <span class='ocr_line' id='line_1_33' title="bbox 119 3500 1140 3580; baseline -0.006 -16"><span class='ocrx_word' id='word_1_261' title='bbox 119 3505 174 3564; x_wconf 90' lang='lat' dir='ltr'><strong>hos</strong></span> <span class='ocrx_word' id='word_1_262' title='bbox 198 3503 328 3563; x_wconf 83' lang='lat' dir='ltr'><strong>dies‘de</strong></span> <span class='ocrx_word' id='word_1_263' title='bbox 350 3503 497 3563; x_wconf 75' lang='lat' dir='ltr'><strong>industrie</strong></span> <span class='ocrx_word' id='word_1_264' title='bbox 510 3521 574 3561; x_wconf 87' lang='lat' dir='ltr'><strong>esse</strong></span> <span class='ocrx_word' id='word_1_265' title='bbox 593 3503 712 3580; x_wconf 84' lang='lat' dir='ltr'><strong>jactate.</strong></span> <span class='ocrx_word' id='word_1_266' title='bbox 755 3502 814 3563; x_wconf 88' lang='lat' dir='ltr'><strong>Sed</strong></span> <span class='ocrx_word' id='word_1_267' title='bbox 836 3521 895 3560; x_wconf 91' lang='lat' dir='ltr'><strong>non</strong></span> <span class='ocrx_word' id='word_1_268' title='bbox 917 3509 962 3560; x_wconf 88' lang='lat' dir='ltr'><strong>est</strong></span> <span class='ocrx_word' id='word_1_269' title='bbox 986 3500 1140 3576; x_wconf 85' lang='lat' dir='ltr'><strong>improvise</strong></span> 
     </span>
     <span class='ocr_line' id='line_1_34' title="bbox 120 3593 1141 3672; baseline -0.007 -12"><span class='ocrx_word' id='word_1_270' title='bbox 120 3600 205 3660; x_wconf 74' lang='lat' dir='ltr'><strong>vobis</strong></span> <span class='ocrx_word' id='word_1_271' title='bbox 229 3597 429 3657; x_wconf 87' lang='lat' dir='ltr'><strong>mentientium</strong></span> <span class='ocrx_word' id='word_1_272' title='bbox 441 3597 564 3658; x_wconf 87' lang='lat' dir='ltr'><strong>vanitas.</strong></span> <span class='ocrx_word' id='word_1_273' title='bbox 607 3597 657 3658; x_wconf 83' lang='lat' dir='ltr'><strong>Sic</strong></span> <span class='ocrx_word' id='word_1_274' title='bbox 682 3595 796 3658; x_wconf 73' lang='lat' dir='ltr'><strong>cilicie</strong></span> <span class='ocrx_word' id='word_1_275' title='bbox 819 3597 926 3670; x_wconf 84' lang='lat' dir='ltr'><strong>fauces,</strong></span> <span class='ocrx_word' id='word_1_276' title='bbox 948 3593 989 3653; x_wconf 91' lang='lat' dir='ltr'><strong>sic</strong></span> <span class='ocrx_word' id='word_1_277' title='bbox 1009 3593 1141 3672; x_wconf 85' lang='lat' dir='ltr'><strong>Mesopo-</strong></span> 
     </span>
     <span class='ocr_line' id='line_1_35' title="bbox 121 3689 1140 3772; baseline -0.003 -19"><span class='ocrx_word' id='word_1_278' title='bbox 121 3695 221 3754; x_wconf 83' lang='lat' dir='ltr'><strong>tamise</strong></span> <span class='ocrx_word' id='word_1_279' title='bbox 242 3711 367 3771; x_wconf 87' lang='lat' dir='ltr'><strong>campos,</strong></span> <span class='ocrx_word' id='word_1_280' title='bbox 390 3692 501 3772; x_wconf 73' lang='lat' dir='ltr'><strong>Tigrim</strong></span> <span class='ocrx_word' id='word_1_281' title='bbox 522 3700 552 3752; x_wconf 89' lang='lat' dir='ltr'><strong>et</strong></span> <span class='ocrx_word' id='word_1_282' title='bbox 574 3692 762 3771; x_wconf 81' lang='lat' dir='ltr'><strong>Euphratem,</strong></span> <span class='ocrx_word' id='word_1_283' title='bbox 784 3709 905 3769; x_wconf 89' lang='lat' dir='ltr'><strong>quorum</strong></span> <span class='ocrx_word' id='word_1_284' title='bbox 926 3689 1048 3746; x_wconf 88' lang='lat' dir='ltr'><strong>alterum</strong></span> <span class='ocrx_word' id='word_1_285' title='bbox 1067 3689 1140 3750; x_wconf 83' lang='lat' dir='ltr'><strong>vado</strong></span> 
     </span>
     <span class='ocr_line' id='line_1_36' title="bbox 121 3783 1140 3866; baseline -0.006 -16"><span class='ocrx_word' id='word_1_286' title='bbox 121 3789 319 3865; x_wconf 76' lang='lat' dir='ltr'><strong>transivimus,</strong></span> <span class='ocrx_word' id='word_1_287' title='bbox 335 3789 458 3847; x_wconf 89' lang='lat' dir='ltr'><strong>alterum</strong></span> <span class='ocrx_word' id='word_1_288' title='bbox 471 3795 569 3866; x_wconf 83' lang='lat' dir='ltr'><strong>ponte,</strong></span> <span class='ocrx_word' id='word_1_289' title='bbox 583 3788 758 3848; x_wconf 80' lang='lat' dir='ltr'><strong>&#39;terribilem</strong></span> <span class='ocrx_word' id='word_1_290' title='bbox 769 3787 898 3844; x_wconf 78' lang='lat' dir='ltr'><strong>fecerant</strong></span> <span class='ocrx_word' id='word_1_291' title='bbox 911 3783 1017 3844; x_wconf 81' lang='lat' dir='ltr'><strong>Persae</strong></span> <span class='ocrx_word' id='word_1_292' title='bbox 1045 3783 1140 3844; x_wconf 83' lang='lat' dir='ltr'><strong>⁸Nun·</strong></span> 
     </span>
     <span class='ocr_line' id='line_1_37' title="bbox 121 3877 1132 3964; baseline -0.005 -19"><span class='ocrx_word' id='word_1_293' title='bbox 121 3888 211 3964; x_wconf 75' lang='lat' dir='ltr'><strong>qndm</strong></span> <span class='ocrx_word' id='word_1_294' title='bbox 233 3885 271 3944; x_wconf 87' lang='lat' dir='ltr'><strong>ad</strong></span> <span class='ocrx_word' id='word_1_295' title='bbox 293 3883 437 3964; x_wconf 84' lang='lat' dir='ltr'><strong>liquidum</strong></span> <span class='ocrx_word' id='word_1_296' title='bbox 459 3883 537 3944; x_wconf 74' lang='lat' dir='ltr'><strong>iuna</strong></span> <span class='ocrx_word' id='word_1_297' title='bbox 560 3882 734 3960; x_wconf 88' lang='lat' dir='ltr'><strong>perducitur.</strong></span> <span class='ocrx_word' id='word_1_298' title='bbox 787 3877 902 3955; x_wconf 80' lang='lat' dir='ltr'><strong>omnia,</strong></span> <span class='ocrx_word' id='word_1_299' title='bbox 925 3878 979 3938; x_wconf 82' lang='lat' dir='ltr'><strong>illa</strong></span> <span class='ocrx_word' id='word_1_300' title='bbox 999 3880 1132 3950; x_wconf 83' lang='lat' dir='ltr'><strong>tradente</strong></span> 
     </span>
    </p>
   </div>
   <div class='ocr_carea' id='block_1_6' title="bbox 0 0 1326 4386">
    <p class='ocr_par' dir='ltr' id='par_1_8' title="bbox 0 0 1326 4386">
     <span class='ocr_line' id='line_1_38' title="bbox 0 0 1326 4386; baseline 0 0"><span class='ocrx_word' id='word_1_301' title='bbox 0 0 1326 4386; x_wconf 95' lang='lat' dir='ltr'><strong> </strong></span> 
     </span>
    </p>
   </div>
  </div>
 </body>
</html>
