2600 4394
434 355 556 396 arcun
585 355 648 395 111.
679 355 764 396 oar.
796 356 830 398 x.
1098 339 1137 398 23

132 495 250 573 superne
276 496 476 569 incesseretur,
500 494 649 568 timuerat,
674 457 824 572 prestitit.
865 491 1002 572 triginta
1026 499 1057 554 et
1077 493 1137 554 duo

131 599 302 650 armatorum
323 591 438 650 ordines
459 592 556 666 ibant,
582 609 675 668 nequa
695 592 773 650 enim
792 589 884 648 latins
904 590 1025 650 extendi
1045 590 1136 648 aciem

132 685 314 763 patiebantur
328 685 480 765 angustiae.
523 685 673 744 Paulatim
688 685 791 744 deinde
805 705 836 744 se
850 685 949 744 laxare
963 685 1044 744 sinus
1058 705 1134 744 mon·

132 781 211 855 tium,
227 789 257 839 et
276 784 370 858 majus
389 782 515 859 spatium
536 781 648 859 aperire
669 787 830 858 emperant3
852 781 896 839 ita
915 788 949 839 ut
968 799 1026 840 uon
1046 782 1134 859 pedes

132 875 222 936 solum
241 876 375 954 pluribus
394 877 544 938 ordinibus
565 875 706 950 incedere,
723 876 774 936 sed
794 876 883 936 etiam
897 896 915 935 a
927 876 1068 936 lateribus
1081 877 1134 935 cir·

130 972 274 1052 eumfundi
288 979 387 1050 posset
401 973 556 1052 equitatus.

184 1066 225 1126 X.
248 1069 295 1126 24.
319 1067 388 1126 Jam
408 1068 439 1125 in
453 1075 619 1146 conspectu,
634 1067 686 1126 sed
706 1074 791 1126 extra
812 1067 865 1127 teli
881 1069 991 1145 jactum
1012 1074 1134 1146 ubsque

129 1161 201 1219 acies
215 1169 286 1235 erat,
301 1163 369 1220 cuim
382 1163 495 1238 priores
508 1163 609 1222 Persae
621 1162 802 1221 inconditum
816 1170 846 1221 ct
858 1169 971 1222 trucem
991 1164 1134 1222 sustulere

129 1253 305 1314 ¹clamorem.
348 1255 499 1315 Redditur
524 1263 554 1316 et
574 1277 592 1315 a
612 1256 823 1316 Macedonibus
846 1260 946 1334 major,
967 1257 1134 1317 ’exercitiis

128 1351 219 1428 impar
238 1370 369 1424 numero,
385 1351 450 1428 sed,
459 1351 538 1428 jugis
558 1351 709 1428 montium,
730 1351 877 1429 vestisque
897 1352 1021 1412 saltibus
1039 1372 1134 1430 reper-

128 1464 244 1520 cussus,
266 1445 396 1523 'quippe
411 1464 523 1522 semper
537 1445 723 1522 circumjecta
742 1465 860 1504 nemora
879 1453 1035 1525 petraeque,
1049 1467 1134 1526 quan·

128 1547 310 1618 tamcnmqne
325 1547 460 1618 accepere
475 1559 582 1614 vocem,
596 1540 790 1618 multiplicato
811 1559 882 1601 sono
901 1541 1039 1600 referunt
1082 1543 1134 1602 Al·

126 1635 251 1694 exander
261 1642 328 1693 ante
338 1635 432 1713 prima
445 1637 528 1713 signa
538 1636 607 1710 ibet,
619 1635 779 1708 identidem
793 1655 880 1696 uranu
894 1638 981 1696 ‘suos
992 1637 1133 1714 inhibens,

125 1749 160 1789 ns
173 1731 314 1808 suspensi,
330 1731 427 1790 aerinis
441 1731 478 1790 ob
492 1732 611 1790 nimiam
624 1731 840 1792 festinationem
860 1733 1004 1792 concitato
1019 1734 1133 1811 spiritu,

124 1834 305 1904 capesserent
318 1827 459 1904 praelium.
502 1826 641 1906 Odruqne
652 1829 964 1908 agmini-obequitaret,
979 1831 1060 1888 varia
1074 1849 1133 1888 ora·

124 1921 210 1994 tione,
225 1929 269 2016 pt
293 1925 433 2001 cujusque
454 1923 556 1982 animis
580 1931 681 2000 aptum
704 1931 775 2000 crat,
795 1925 903 1984 milites
924 1925 1132 2004 alloquebatur.

124 2015 296 2076 Macedones
321 2025 367 2076 tot
390 2018 533 2078 bellorum
553 2019 585 2076 in
607 2019 727 2096 Europa
740 2019 872 2094 victores,
887 2020 923 2078 ad
945 2020 1134 2100 subigendam

123 2111 226 2170 Asiam
248 2119 335 2190 atquc
356 2113 461 2171 ultima
483 2113 625 2187 Orientis,
641 2115 719 2172 bnon
740 2115 832 2191 ipsius
851 2116 953 2193 magis,
974 2119 1062 2194 quam
1081 2137 1133 2176 suo

122 2206 214 2264 ductu
226 2207 358 2283 profecti,
369 2207 539 2266 inveterata
549 2209 668 2266 virtutis
682 2208 916 2268 admonebantur.
959 2209 1032 2268 Illos
1046 2219 1135 2270 terra·

121 2321 189 2360 rum
202 2300 301 2359 ‘orbis
322 2300 501 2375 liberatores,
516 2303 723 2379 'emensosque
746 2301 816 2360 olim
837 2302 976 2362 Herculis
989 2311 1020 2362 et
1035 2305 1135 2366 Liberi

120 2396 215 2474 patris
230 2395 378 2470 terminos,
393 2413 450 2454 non
465 2395 566 2455 Persis
579 2397 673 2470 modd,
686 2396 737 2456 sed
751 2397 840 2456 etlam
854 2397 986 2458 omnibns
998 2401 1134 2478 gentibus

119 2492 309 2570 imposituros
325 2493 435 2569 jugum.
479 2491 691 2552 ⁸Macedonum
713 2489 822 2551 Bactra
836 2501 866 2552 et
880 2492 971 2552 Indos
984 2495 1062 2556 lore:
1083 2498 1133 2555 mi·

120 2587 203 2646 nima
216 2605 279 2645 esse
300 2607 366 2666 qnae
387 2605 462 2645 nunc
483 2588 675 2662 intuerentur,
691 2589 742 2647 sed
768 2588 864 2648 omnia
882 2588 1005 2648 victoria
1027 2591 1132 2670 parari.

120 2682 190 2742 Non
211 2683 368 2760 praeruptis
390 2684 481 2760 petris
503 2683 682 2761 Illyriorum,
698 2692 729 2743 et
752 2684 883 2743 Thraciae
905 2686 983 2744 saxis
1005 2687 1133 2769 sterilem

118 2776 251 2838 laborem
270 2779 340 2856 sore,
354 2779 447 2856 spolia
466 2780 558 2838 totius
575 2777 707 2840 Orientis
722 2780 828 2838 offerri.
871 2779 934 2838 Vix
946 2779 1044 2858 gladio
1058 2781 1133 2840 intu-

117 2893 187 2932 rnm
201 2893 288 2950 opus,
311 2880 402 2932 totam
422 2874 513 2932 aciem
528 2893 581 2933 suo
601 2893 709 2952 pavore
730 2875 926 2948 fluctuantem,
941 2875 1133 2938 'umbonibus

118 2987 207 3046 posse
221 2967 352 3045 propelli.
395 2968 500 3028 Victor
513 2970 551 3028 ad
565 2970 628 3028 haeo
643 2968 868 3028 Atheniensium
883 2969 1037 3049 Philippus
1050 2980 1134 3050 pater

117 3064 321 3137 invocabatur,
336 3061 509 3142 domitaeque
532 3083 624 3142 nuper
645 3063 778 3139 Boeotiae,
793 3071 823 3124 et
844 3065 926 3126 urbis
948 3067 979 3124 in
1001 3071 1036 3125 ea
1053 3068 1130 3128 nobi-

114 3157 248 3232 lissimae,
260 3158 297 3216 ad
309 3157 402 3216 solum
416 3157 532 3232 dirutae,
544 3159 654 3236 species
665 3159 929 3236 repraesentabatur
939 3162 1059 3222 animis:
1072 3165 1133 3240 jam

116 3251 280 3312 Granicum
293 3271 415 3327 amnem,
426 3254 489 3330 jam
503 3259 549 3312 tot
562 3253 651 3314 urbes
666 3261 717 3313 aut
736 3263 922 3334 expugnatas,
937 3265 989 3316 ant
1001 3257 1032 3316 in
1046 3257 1131 3314 fidem

113 3354 262 3424 acceptas,
278 3348 428 3427 omnisque
448 3369 514 3428 qnae
527 3355 595 3426 post
614 3356 730 3428 tergum
744 3358 835 3426 crant,
851 3359 951 3426 strata,
966 3351 1133 3429 etpedibus

111 3444 249 3519 ipsorum
263 3443 402 3520 subjecta,
413 3445 599 3505 memorabat.
644 3444 720 3505 oum
734 3445 847 3504 adierat
861 3446 988 3519 Graecos,
1001 3445 1132 3503 admonc-

109 3537 177 3613 bat,
193 3541 209 3572 “
220 3537 257 3597 ab
271 3538 308 3596 iis
321 3539 456 3615 gentibus
477 3539 562 3598 illata
576 3539 699 3601 Graeciae
718 3541 804 3616 bella,
820 3541 905 3600 Darii
919 3541 1013 3616 priris,
1029 3539 1132 3598 deinde

108 3632 228 3692 Xerxis
253 3632 418 3707 insolentie,
439 3655 542 3713 aquam
563 3636 656 3714 ipsam
678 3644 842 3713 terramque
867 3633 1076 3710 populantium,
1098 3643 1133 3694 ut

106 3745 209 3806 neque
223 3727 349 3786 fontium
367 3728 512 3803 haustum,
526 3749 579 3789 nec
594 3731 696 3790 solitos
716 3731 796 3790 cibos
811 3727 1012 3804 relinquerent.
1056 3729 1132 3788 Dein

104 3821 215 3881 Derim
238 3822 348 3900 templa
368 3823 460 3882 ruinis
474 3831 504 3882 et
517 3825 636 3904 ignibus
658 3843 721 3882 esse
745 3821 850 3894 deleta,
864 3821 952 3880 nrbes
974 3843 1072 3882 eorum
1086 3843 1131 3880 ex·
