2642 4386
346 387 469 430 nrm
498 387 569 431 var.
602 387 688 430 oar.
716 390 767 430 ιι.
1006 373 1061 432 lid

83 511 155 587 niitis
164 527 238 602 dam,
253 527 279 588 si
292 525 414 588 solerter
427 526 527 588 rimati
539 525 656 588 fueritis
670 527 768 588 aditus
788 527 915 590 terentes
929 527 967 588 ad
980 547 1062 588 esea·

81 641 140 680 men.
176 623 273 686 ‘Nihil
286 629 346 682 taur
360 623 418 682 altd
431 629 537 682 natura
550 622 709 698 eonstituit,
722 624 781 702 qud
793 623 886 684 virtu
899 643 957 682 uon
970 624 1062 701 possit

79 717 146 776 eniti.
183 717 361 796 llaperiendo
385 738 452 796 qum
474 717 574 778 oaeteri
596 717 830 796 desperaverunt
852 718 956 778 Asiam
976 719 1059 778 habe

77 813 327 891 masinpetestete.
369 812 498 874 Evadite
521 813 553 872 iu
571 831 716 888 muman,
730 813 808 893 qnod
829 817 895 874 eum
916 814 1060 892 ceperitis,

76 907 189 966 candidis
201 908 270 968 uelis
285 908 400 988 signum
423 908 494 967 mihi
516 908 641 968 debitis:
663 928 725 988 ego,
740 908 830 986 eopiis
849 909 983 984 admotis,
997 910 1062 970 hoe-

75 1009 126 1062 tem
137 1003 164 1060 iu
175 1022 221 1062 nos
243 1004 355 1064 euobis
378 1011 551 1064 convertam.
594 1003 754 1064 Praemium
767 1003 826 1062 erit
845 1003 874 1062 ei
886 1003 938 1082 qui
950 1004 1061 1082 primae

73 1099 235 1175 ooeupaserit
256 1098 404 1175 uerticem,
425 1097 537 1158 talenta
559 1097 669 1159 desem.
721 1097 788 1158 Uno
809 1098 906 1157 miuus
930 1099 1061 1176 aeeipiet

70 1193 115 1270 qui
126 1193 265 1269 proximus
279 1193 307 1252 ei
320 1191 453 1252 venerit:
484 1191 642 1271 eademque
656 1191 695 1252 ed
709 1191 808 1252 deeem
822 1191 955 1252 homines
968 1211 1061 1254 serva·

69 1287 139 1346 bitur
151 1287 265 1365 ‘portio
309 1284 429 1346 Oertam
437 1285 707 1359 eatemhabeo‚ros
716 1305 773 1346 non
787 1293 847 1344 tam
856 1287 1062 1348 liberalitatem

65 1380 166 1440 intueri
178 1400 276 1454 meam,
289 1379 595 1458 qudmvoluntetem.'’
623 1379 703 1438 'Hie
717 1379 820 1438 animis
841 1380 954 1458 Regem
968 1381 1063 1442 audie·

65 1484 138 1548 runt,
150 1482 184 1532 ut
199 1477 260 1550 jam
280 1475 391 1552 cepisse
404 1474 542 1534 verticem
555 1473 742 1534 viderentur:
773 1475 941 1554 dimissique
955 1477 1064 1538 ferreos

65 1587 172 1642 euneos,
185 1588 255 1648 quos
269 1567 347 1628 inter
364 1588 436 1626 sexa
456 1568 618 1647 defigerent,
632 1568 802 1648 validosque
816 1570 901 1629 funes
913 1571 1062 1648 parabant

65 1665 127 1724 Rex
147 1665 349 1724 oireumveetus
372 1663 501 1738 Petram,
521 1665 580 1742 qud
600 1663 717 1724 minime
740 1684 824 1742 asper
844 1685 878 1724 ae
898 1675 1064 1746 praeruptus

65 1759 153 1818 aditus
173 1758 335 1834 videbatur,
358 1758 487 1820 sananda
507 1759 612 1839 vigilis
633 1757 743 1838 ⁸(quod
764 1760 838 1820 bend
860 1765 1001 1840 verteret)
1023 1762 1064 1820 in·

65 1854 238 1933 gredijubet.

114 1953 160 2008 dl.
183 1949 242 2025 Illi,
257 1949 403 2010 alimentis
416 1951 448 2010 in
461 1949 585 2010 biduum
606 1951 739 2028 sumptis,
753 1950 861 2030 gladiis
874 1953 961 2012 modd
975 1960 1064 2032 atque

65 2046 146 2104 rastis
166 2045 271 2104 armati
295 2045 392 2105 subire
416 2059 573 2122 eoeperrrna.
616 2046 663 2104 Ae
681 2046 776 2123 primb
797 2046 922 2124 pedibus
942 2047 1065 2126 ingressi

65 2147 140 2200 unt:
162 2139 277 2214 deinde,
298 2146 334 2198 ut
357 2141 387 2198 in
410 2147 559 2218 praerupta
581 2148 754 2217 perventum
779 2148 834 2214 est,
859 2140 911 2198 alii
931 2141 1066 2200 menibus

66 2234 211 2294 minantia
225 2253 296 2296 saxa
316 2234 460 2311 eomplexi
481 2234 615 2293 levavere
629 2242 729 2309 semet,
745 2235 797 2294 alii
819 2235 939 2312 adjeetis
953 2235 1067 2294 iunium

66 2330 162 2408 tqueis
177 2332 314 2406 evasere;
337 2330 404 2388 edm
428 2347 534 2388 euneos
548 2328 624 2386 inter
648 2347 719 2387 sexa
739 2329 896 2407 defigerent
909 2330 991 2408 queis
1005 2350 1067 2408 gra

66 2445 104 2486 us
117 2424 244 2484 subinde
269 2424 457 2482 insisterent:
479 2423 558 2482 diem
581 2423 659 2482 inter
672 2431 783 2482 metum
805 2423 989 2504 laboremque
1003 2445 1066 2484 eon·

66 2527 244 2597 irrepserunt.
287 2519 347 2578 Per
361 2538 463 2598 aspere
476 2518 571 2580 enixis
585 2519 702 2604 duriora
721 2519 879 2596 restabant,
894 2527 924 2578 et
937 2539 1066 2580 creseere

68 2615 175 2674 titudo
190 2616 291 2676 Petrae
304 2615 467 2676 videbatur.
510 2613 569 2674 llle
583 2615 651 2676 uerd
665 2615 839 2675 miserabilis
863 2623 926 2674 erat
947 2617 1066 2691 'facies

67 2731 110 2770 tm
134 2712 168 2785 ii,
183 2730 259 2789 ques
283 2711 429 2772 instabilis
449 2710 557 2790 gredm
580 2710 736 2785 fefellerat,
751 2731 789 2770 ex
811 2711 957 2788 praecipiti
970 2711 1067 2770 devol-

67 2813 187 2865 rentur
200 2825 209 2864 ε
230 2825 299 2864 mox
313 2807 413 2866 eedem
437 2806 469 2864 in
492 2824 524 2866 se
537 2805 673 2884 patienda
686 2805 774 2866 aliem
794 2809 882 2864 eserie
896 2804 1069 2864 ostendebat

67 2901 229 2976 templum.
272 2900 332 2960 Per
345 2901 397 2960 hee
411 2908 508 2963 tamea
522 2901 708 2960 diffioultetes
722 2900 873 2958 enituntur
886 2899 916 2958 in
931 2899 1067 2960 vertieem

67 2995 165 3069 ontis,
190 3011 293 3052 omnes
316 2995 484 3072 fatigatione
507 2995 670 3055 continuati
693 2993 802 3054 laboris
821 2995 925 3070 affecti,
949 2995 1067 3075 quidem

67 3091 185 3152 aleteti
198 3096 286 3168 parte
300 3089 512 3166 membrorum
533 3091 700 3168 pariterque
714 3108 764 3150 eos
778 3097 808 3150 et
827 3109 892 3166 nox,
908 3099 937 3150 et
951 3109 1067 3150 somnus

68 3186 203 3265 pressit
250 3183 360 3246 Stratis
381 3185 490 3262 passim
512 3184 682 3262 eorporibus
705 3184 736 3244 in
757 3185 843 3245 inviis
858 3193 889 3246 et
913 3187 944 3246 in
958 3187 1068 3266 asperis

68 3301 195 3356 sorum,
211 3279 339 3359 perieuli
362 3279 500 3341 metantis
514 3279 599 3340 obliti
623 3280 655 3338 iu
677 3280 772 3340 lueem
794 3281 986 3361 quieverunt:
1007 3289 1068 3340 taa-

68 3396 169 3455 mque
192 3375 282 3436 velut
305 3394 343 3436 ex
367 3374 428 3434 alto
450 3393 552 3454 sopore
575 3375 703 3452 exeitati,
718 3377 845 3436 oeeultes
865 3378 1069 3454 subjectasque

71 3474 108 3532 is
136 3471 243 3531 valles
257 3472 275 3500 ¹⁰
284 3471 433 3545 rimantes,
447 3469 543 3550 ignari
564 3470 596 3530 in
618 3475 677 3550 qua
698 3479 781 3550 parte
805 3471 906 3531 Petrae
930 3477 1012 3528 tanta
1024 3468 1069 3526 vis

68 3573 174 3626 etium
190 3566 316 3626 condita
339 3574 425 3640 essee,
438 3566 552 3626 fumum
576 3571 681 3646 spaeris
706 3568 783 3626 infre
797 3567 908 3643 seipsos
922 3562 1070 3621 evolutum

68 3669 236 3722 >averunt
281 3661 330 3722 nx
343 3681 400 3741 quo
413 3661 595 3724 iutelleetnm
617 3670 672 3737 eet,
686 3663 768 3722 illam
787 3659 915 3718 hostium
929 3655 1070 3716 latebram

69 3778 102 3816 e.
156 3757 277 3836 Itaque
291 3756 385 3816 hastis
406 3758 568 3834 imposuere
581 3757 660 3836 quod
673 3759 847 3814 convenerat
857 3752 979 3828 signum,
994 3758 1070 3812 toto·

69 3876 76 3912 e
99 3871 122 3910 e
139 3870 279 3912 numero
299 3851 373 3910 duos
397 3858 428 3910 et
451 3852 594 3930 tringinta
607 3851 638 3908 iu
652 3866 773 3908 ueeneu
792 3845 938 3918 interiisse
953 3865 1070 3928 eognos-
