2520 4390
338 409 461 457 m„
484 395 546 424 m
562 365 655 424 πυ.
684 379 775 426 x111.
1023 363 1065 426 Μ

73 513 258 598 „semitis
279 517 474 579 dimioandum
496 521 567 580 fore.
622 519 731 582 Omnes
754 521 844 582 imme
870 519 1064 582 Parmenioni

73 614 266 674 assentiebant:
288 613 494 692 Polysperoon,
509 615 588 674 haud
608 615 740 677 dobid'in
753 635 788 675 eo
802 615 923 676 oonsilio
936 615 1063 694 positam

72 709 203 768 victoriam
224 709 427 769 arbitrabatur.
470 709 565 780 Quem
584 711 701 770 intuens
723 711 797 787 Rex,
820 709 978 790 (⁸uamque
991 710 1064 770 Par·

72 805 213 862 menionem
226 823 317 881 nuper
330 804 428 863 aerinis
442 805 530 882 quim
544 805 634 865 vellet
655 807 838 883 increpitum,
853 807 957 866 rursds
978 805 1063 864 oesti-

69 919 131 976 gare
148 916 198 957 non
219 899 403 976 sustinebat)
425 900 460 933 '“
471 899 743 975 Latrnnenlornm,’'
767 901 872 979 inquit,
888 903 946 958 “et
965 899 1062 959 iurum

68 994 119 1052 ista
131 993 239 1054 solertia
253 1001 300 1052 est
312 1013 400 1072 quam
420 995 580 1072 praecipitis
592 995 680 1072 milri;
702 995 810 1074 qnippe
830 993 949 1054 illorum
961 1001 1062 1055 votam

65 1089 235 1166 unieumest,
248 1089 359 1148 fallere.
403 1088 480 1149 Mae
491 1091 561 1150 verd
581 1090 683 1169 gloriae
703 1109 818 1168 semper
830 1097 883 1150 ant
901 1090 1062 1152 absentiam

65 1183 150 1258 Darii,
164 1189 212 1242 eut
225 1183 375 1261 augustias
393 1181 533 1258 loeorum,
547 1192 598 1244 aut
610 1183 739 1244 'tortum
759 1185 855 1244 noetis
877 1185 992 1246 obstem
1003 1201 1063 1244 non

61 1279 163 1355 patiar:
189 1279 288 1356 palam
311 1277 377 1336 luae
401 1279 521 1357 aggredi
544 1286 656 1338 eertum
675 1287 729 1338 est
771 1280 852 1340 Malo
871 1297 918 1338 me
937 1281 1063 1340 foruna

60 1373 202 1450 poeniteat,
216 1374 306 1450 quam
319 1373 451 1432 vietoriae
469 1372 586 1450 pudeat
628 1373 679 1432 Ad
692 1373 754 1433 haee
766 1373 841 1432 illud
860 1393 974 1453 quoque
987 1393 1062 1434 aeos·

61 1467 120 1524 dit:
140 1467 251 1543 vigilias
272 1485 357 1544 agere
381 1465 533 1540 Barbaros,
549 1474 579 1526 et
599 1467 629 1526 iu
650 1468 739 1527 armis
763 1475 849 1542 stare,
862 1476 898 1526 nt
917 1487 954 1527 ne
968 1467 1063 1546 deoipi

59 1560 172 1638 quidem
194 1560 314 1638 possint,
329 1568 508 1638 eompertnm
532 1561 632 1621 habeo.
675 1561 782 1641 Itaque
802 1563 839 1622 ad
859 1563 992 1640 praeliam
1011 1579 1063 1624 vos

54 1656 181 1733 parate.'’
222 1655 271 1715 sio
279 1655 422 1714 inuitatos
436 1655 473 1713 ad
486 1673 606 1733 corpora
619 1657 748 1718 eurenda
761 1658 881 1717 dimisit.

112 1751 157 1808 50.
179 1749 288 1808 Darius
299 1749 382 1824 illud,
391 1751 470 1829 quod
480 1751 635 1811 Parmenio
645 1760 785 1828 suaserat,
796 1753 908 1814 hostom
917 1754 1062 1814 usuram

51 1865 114 1904 esse
134 1847 304 1922 eonjeetans,
318 1845 457 1905 fraenatos
480 1865 568 1926 equos
592 1855 679 1923 stare,
697 1867 887 1928 magnamque
911 1849 1062 1908 exereitus

49 1948 161 2018 partam
174 1941 205 1998 in
219 1941 309 1998 armis
321 1959 393 2015 esse,
408 1960 442 1999 ao
455 1941 573 2019 vigilias
586 1942 742 2002 intentiore
756 1947 828 2002 ourt
841 1943 953 2004 servari
970 1947 1062 2020 jussa

46 2044 101 2094 rat.
146 2035 225 2113 Idrgd
241 2036 356 2113 ignibus
369 2043 435 2094 tota
447 2038 512 2112 ejus
533 2043 629 2096 ostra
641 2037 802 2116 fulgebant.
845 2038 916 2116 Ipse
930 2038 1063 2098 mnndu-

45 2131 130 2189 eibns
154 2131 380 2208 propinquisque
404 2131 519 2208 agmina
541 2132 573 2190 iu
597 2131 685 2189 armis
711 2133 852 2194 stantium
875 2133 1061 2207 aueumibat3

44 2223 166 2283 ⁰Solem
190 2224 330 2297 Mithran,
345 2242 515 2302 suorumque
536 2231 567 2282 et
585 2232 727 2284 aeternnm
749 2226 887 2284 innoeens
909 2227 1014 2305 ignem,
1028 2234 1064 2285 ut

43 2319 108 2376 illis
124 2318 243 2395 dignam
257 2324 356 2377 vetere
370 2318 474 2396 glorie,
487 2320 688 2397 majorumque
707 2321 901 2378 monumentis
914 2321 1063 2382 fortitudi-

40 2433 111 2472 nem
136 2411 322 2490 inspirarent.
365 2411 408 2470 Et
427 2413 557 2490 proieotd
573 2413 625 2472 ¹⁰si
645 2433 702 2492 qua
725 2413 832 2474 divina
854 2415 917 2492 opis
941 2415 1063 2495 augurio

38 2511 174 2567 hnmana
199 2513 299 2566 menta
321 2507 433 2584 oonoipi
455 2515 582 2585 possent,
609 2509 715 2568 1¹Deee
740 2517 816 2568 stare
839 2529 945 2570 seeum.
988 2511 1062 2572 Illos

37 2623 135 2680 nuper
164 2601 361 2661 Maoedonum
388 2603 493 2662 animis
520 2601 647 2664 subitam
674 2605 830 2664 incussisse
856 2607 1060 2667 formidinem:

37 2699 171 2756 ¹“adhue
199 2697 365 2774 lymphatos
391 2699 462 2756 ferri
488 2699 604 2777 agique,
633 2719 713 2759 mma
737 2701 893 2778 jaoisntee:
925 2710 1061 2778 expetere

37 2793 193 2852 Praesides
209 2793 365 2851 Persarum
377 2793 493 2872 imperii
507 2793 586 2853 Deos
609 2793 722 2856 debitas
736 2815 754 2853 a
766 2795 939 2855 reeordibus
951 2813 1059 2873 poenas

37 2890 104 2947 Nee
132 2887 261 2964 ¹'ipsum
288 2889 390 2947 dueem
417 2889 561 2949 saniorem
589 2907 669 2948 esse:
698 2890 816 2969 quippei,
840 2890 901 2948 ritu
922 2891 1060 2968 ferarum,

37 2983 176 3061 praedam
197 2982 292 3056 modo,
307 3003 393 3061 quam
413 2991 572 3062 expeteret,
586 2985 759 3061 intuentem,
772 2985 803 3043 in
817 2986 981 3064 pernioiem,
994 3007 1061 3068 quae

37 3087 105 3137 onte
121 3077 257 3157 praedam
267 3077 364 3155 posita
376 3087 462 3154 esset,
473 3079 627 3138 ineurrere.
669 3079 781 3140 Simiiis
795 3081 872 3159 apud
887 3081 1062 3143 Macedones

37 3193 157 3252 proque
176 3171 346 3232 sollieitudo
370 3179 448 3249 erat;
469 3181 651 3252 nantemque,
664 3173 747 3235 velut
766 3175 796 3234 in
817 3195 881 3236 eam
903 3180 1061 3238 oen-tamine

37 3268 144 3343 idiote,
160 3275 247 3326 metu
261 3275 390 3345 egerunt.
431 3266 603 3327 Alexander
615 3287 673 3328 uon
687 3267 761 3330 alite
775 3272 869 3351 magis
883 3274 1012 3347 territus,
1023 3271 1060 3330 ad

37 3371 103 3421 rota
129 3370 165 3421 et
189 3379 292 3440 preses
317 3361 525 3422 Aristandrum
548 3365 645 3423 voeari
665 3365 757 3442 jubet
799 3367 857 3426 Ille
881 3368 912 3425 in
935 3365 1061 3426 eandida

37 3467 128 3533 este,
140 3459 289 3519 verbenas
302 3476 389 3518 manu
401 3459 565 3536 praeterens,
577 3461 670 3539 eapite
681 3461 787 3538 velato,
799 3461 949 3539 “praeibat
961 3477 1060 3536 preoes

37 3555 122 3631 tegi,
159 3554 185 3613 J
187 3573 280 3627 ovem,
310 3553 473 3614 Minervam
502 3553 719 3635 Victoriamque
745 3555 924 3634 propitianti.
978 3553 1060 3612 Tuae

37 3651 158 3727 uidem
175 3649 320 3708 saerifieio
331 3649 388 3708 rite
402 3641 579 3728 perpetrato,
592 3651 739 3730 reliquum
757 3650 853 3708 noetis
874 3647 1060 3726 aequieturus

37 3767 52 3803 1
69 3744 310 3806 tabernaculum
323 3745 419 3804 rediit.
463 3745 522 3806 Sed
532 3767 585 3805 nee
599 3763 731 3806 somnum
745 3761 855 3820 eapere,
866 3763 919 3802 neo
932 3746 1060 3824 quietem

37 3840 89 3900 ati
100 3846 242 3920 peterat.
285 3839 484 3918 Moddejogo
493 3836 892 3901 montisaoiemindextrnm
903 3839 1058 3900 Persarum
