2520 4390
175 367 232 430 no
509 381 658 431 currus
691 381 839 426 curru

168 521 552 602 rnmacoepitimperiu'm:
573 521 676 582 sedin
696 520 796 582 sedem
819 519 891 598 (lyri
912 519 1055 582 beneficio
1079 523 1200 604 Bagoae

167 619 287 680 castrati
305 618 430 678 hominis
452 617 625 678 admissusz·
643 617 697 676 'ne
720 635 772 677 uos
796 635 901 696 magno
928 617 1030 678 labore
1059 620 1198 678 credatis

168 711 293 774 Bessum
306 733 428 774 vacuum
442 733 564 791 regnum
578 719 794 789 oooupaturnm.

227 813 244 844 “
257 809 286 868 N
288 828 320 870 os
334 811 402 870 vert
416 809 607 887 peccavimus,
621 807 739 882 milites,
755 807 781 867 si
795 807 918 868 Darium
931 807 969 868 ob
983 807 1039 866 hoc
1054 807 1196 886 vicimus,

166 910 201 962 nt
228 923 310 964 servo
338 907 402 982 ejus
434 903 617 962 traderemus
644 901 805 980 imperium,
833 901 884 981 qui
909 903 927 932 ¹⁰
936 901 1078 960 ultimum
1103 923 1195 962 ausus
1250 971 1251 974 Ἴ

166 999 268 1075 scelus,
283 1000 396 1078 Regem
409 1017 503 1072 suum,
518 997 608 1056 etiam
622 998 640 1026 ²¹
651 1005 781 1058 externae
794 997 857 1075 opis
878 1004 1020 1076 egentem,
1043 999 1132 1058 certe
1147 1000 1194 1058 cui
1250 979 1251 1034 l

165 1111 219 1152 uos
232 1093 357 1152 victores
370 1093 607 1172 pepercissemus,
622 1093 706 1172 quasi
719 1093 866 1170 captivum
879 1093 910 1152 in
924 1093 1049 1154 vinculis
1064 1093 1190 1170 habuit,

164 1187 203 1248 ad
217 1188 361 1263 ultimum,
370 1209 412 1254 ne
426 1209 443 1247 a
456 1188 541 1248 nobis
554 1188 718 1248 conservari
737 1195 845 1265 posset,
859 1187 973 1248 oceidit
1026 1187 1126 1248 Hunc
1140 1211 1191 1250 uos

164 1303 284 1362 regnare
306 1285 479 1362 patiemini?
500 1305 585 1364 quem
609 1283 744 1364 equidem
768 1284 848 1344 cruci
871 1285 988 1344 affixum
1008 1283 1114 1343 videre
1137 1287 1189 1344 fes·

164 1379 235 1454 tino,
249 1379 383 1441 omnibns
397 1380 530 1459 Regibus
543 1379 734 1458 gentibusque
757 1379 834 1457 fidei,
854 1399 941 1458 quam
954 1379 1087 1454 violavit,
1102 1383 1188 1440 meri·

163 1481 210 1534 tas
223 1495 321 1554 poenas
337 1476 506 1536 solventem.
549 1476 593 1534 At
604 1473 731 1548 hercule,
742 1473 767 1533 si
781 1493 850 1534 mox
864 1474 996 1534 eumdem
1011 1473 1187 1535 Graecorum

163 1569 260 1646 urbes,
275 1579 326 1630 aut
349 1571 575 1648 Hellespontum
598 1577 713 1630 vastare
737 1569 906 1630 nunciatum
929 1570 987 1628 erit
1009 1571 1105 1645 vobis,
1129 1593 1186 1652 quo

163 1663 263 1722 dolore
277 1665 448 1739 efficiemini,
464 1665 589 1724 Bessum
601 1666 722 1742 praemia
735 1673 842 1726 vestrae
856 1667 1013 1744 occuptsse
1026 1666 1185 1728 victoriae?

163 1757 245 1816 Tunc
272 1759 311 1816 ud
337 1759 510 1835 repetendas
538 1777 588 1818 res
614 1759 809 1820 festinabitis:
844 1767 915 1820 tuno
942 1780 1022 1824 arma
1048 1762 1181 1838 capietis

163 1849 280 1921 Quanto
303 1859 400 1912 antem
423 1859 575 1929 praestaret
596 1853 733 1912 territum
755 1855 849 1914 adhuc
871 1861 902 1914 et
922 1855 972 1915 vix
992 1856 1101 1914 mentis
1123 1877 1183 1916 suae

166 1953 336 2022 compotem,
360 1947 546 2024 opprimere?
596 1947 753 2018 Quatridui
774 1949 858 2010 nobis
881 1949 938 2008 iter
965 1959 1109 2026 superest,
1132 1952 1182 2030 qui

161 2046 207 2100 tot
220 2041 451 2118 proculcavimus
464 2043 554 2120 nives,
569 2051 616 2104 tot
638 2063 737 2104 amnes
755 2045 961 2122 superavimus,
976 2052 1022 2103 tot
1035 2047 1181 2105 montium

169 2137 241 2215 juga
262 2137 494 2197 transcurrimus.
537 2137 606 2198 Non
629 2159 708 2198 mars
732 2139 909 2218 illumquod
930 2145 1096 2198 exaestuans
1121 2142 1180 2200 iter

161 2233 299 2295 fluctibus
323 2241 452 2312 occupat,
475 2242 576 2294 euntes
599 2252 654 2294 nos
676 2241 822 2293 moratur:
851 2254 909 2292 non
934 2233 1048 2294 Oiliciae
1067 2236 1179 2310 fauces,

160 2335 192 2387 et
205 2329 347 2408 angustias
361 2329 522 2390 includunt.
565 2330 658 2389 Plana
672 2329 769 2390 omnia
788 2336 818 2388 ct
837 2349 928 2407 prona
941 2336 1016 2388 sunt
1060 2329 1100 2388 In
1115 2332 1179 2408 ipso

160 2424 259 2482 limine
286 2425 417 2484 victoriae
445 2432 563 2484 stemus.
619 2425 712 2484 Pauci
738 2425 822 2485 nobis
848 2425 976 2504 fugitivi,
1005 2431 1043 2486 ct‘
1065 2425 1179 2484 domini

160 2519 207 2578 sui
220 2518 423 2576 interfectores
448 2525 613 2595 supersunt.
656 2519 674 2548 ¹²
686 2519 843 2598 Egregium
864 2519 1027 2580 mehercule
1048 2540 1132 2597 opus,
1149 2529 1179 2580 ct

159 2613 235 2670 inter
259 2611 354 2688 prima
367 2611 470 2690 gloriae
483 2619 588 2672 uestras
612 2615 830 2690 numerandum,
845 2615 1014 2693 posteritati
1033 2617 1178 2695 famaeque

159 2706 299 2783 tradetis3
323 2707 406 2766 Darii
428 2725 541 2787 qnoque
565 2708 667 2783 hostis,
688 2709 769 2770 linito
790 2718 856 2789 post
877 2717 1000 2770 mortem
1021 2714 1085 2787 ejus
1100 2713 1177 2788 odio,

158 2804 319 2882 parricidas
341 2823 404 2864 esse
418 2823 470 2864 uos
490 2803 586 2880 ult0s3
608 2805 752 2864 neminem
775 2807 897 2884 impium
917 2807 1052 2885 effugisse
1072 2825 1178 2866 manus
1250 2819 1251 2838 ¹

158 2907 278 2959 vestras.
308 2899 374 2958 Hoc
388 2906 563 2978 perpetrato,
575 2901 682 2978 quantu
694 2901 813 2960 creditis
822 2901 928 2961 Persas
937 2901 1177 2980 obsequentiores
1250 2967 1251 2970 Ἴ

158 2993 229 3068 fore,
243 2997 307 3052 cnm
321 2995 529 3070 intellexerint,
540 3014 592 3056 vos
605 2995 654 3074 pio
664 2995 741 3056 bella
752 2996 905 3074 suscipere,
917 3003 948 3056 ct
959 2995 1046 3056 Bessi
1061 2997 1175 3073 sceleri,
1250 3007 1251 3020 ¹

131 3107 217 3159 tucn
229 3088 338 3146 nomini
352 3109 404 3148 suo
420 3089 532 3149 irasci.”

220 3181 277 3242 IV.
301 3187 326 3242 7.
350 3183 470 3243 Summe
483 3184 611 3244 militum
630 3184 789 3258 alacritate,
810 3185 976 3262 jubentium
990 3187 1174 3266 quocumque

159 3278 249 3339 vellet
272 3277 401 3352 duceret,
417 3279 509 3338 oratio
523 3287 643 3358 excepta
657 3287 710 3339 est.
753 3280 817 3340 Neo
841 3279 910 3340 Rex
930 3290 1061 3341 moratus
1086 3283 1175 3362 impe

159 3381 238 3452 tum;
260 3373 405 3452 tertioque
428 3394 481 3451 per
505 3375 684 3434 Parthienen
698 3375 746 3436 die
770 3375 808 3437 ad
831 3377 902 3436 fines
917 3377 1078 3455 Hyrcaniae
1090 3399 1175 3455 pene·

159 3475 237 3547 trat;
269 3468 390 3530 Cratero
414 3469 518 3529 relicto
538 3489 603 3528 oum
624 3469 660 3530 iis
682 3471 780 3548 copiis,
794 3471 900 3552 quibus
923 3479 1056 3550 praeerat,
1086 3480 1119 3532 st
1139 3477 1174 3532 et

158 3585 254 3641 mann,
275 3585 364 3645 quam
388 3565 535 3642 Amyntas
559 3565 692 3641 ducebat,
717 3567 827 3626 additis
851 3569 996 3628 sexcentis
1016 3569 1174 3646 equitibus,

158 3668 190 3719 et
213 3661 337 3720 totidem
364 3661 533 3741 sagittariis,
561 3669 596 3720 ut
620 3661 656 3724 ab
684 3662 848 3722 incursione
876 3661 1076 3724 Barbarorum
1104 3663 1173 3722 Par·

158 3755 277 3814 thieneu
300 3764 441 3816 tueretur.
485 3757 640 3835 Erigyium
663 3757 878 3834 impedimenta,
898 3759 1012 3818 modico
1034 3759 1172 3836 praesidio

159 3849 237 3924 dato,
251 3852 405 3927 campestri
424 3853 529 3912 itinere
553 3852 658 3910 ducere
676 3851 768 3927 jubet.
811 3852 880 3929 Ipse
900 3871 966 3914 oum
984 3853 1129 3933 phalange
1142 3861 1172 3913 et
