2520 4390
191 315 248 376 ιιι
524 329 677 381 ourani
704 327 845 370 ιιιιιι

185 469 311 550 Jamque
335 469 398 530 hae
418 469 483 548 ipsa
502 467 641 528 alimenta
660 466 834 541 deterserant,
856 467 923 536 eim
941 466 1091 542 jumenta,
1104 461 1221 544 quibua

183 583 273 627 onera
298 564 463 642 portabant,
488 563 633 624 euadere
621 563 697 639 Jussi
719 568 805 622 aunt:
834 559 938 620 horum
960 579 1063 635 earne,
1085 559 1157 618 dum
1179 560 1220 618 in

185 659 357 718 Bactrianos
371 659 577 738 ιιιιιιιιιιιιι,1
579 659 714 716 ¹traxere
728 656 866 716 vitam
929 675 930 680 ¹

246 757 289 816 16
311 753 477 824 Baetrianee
489 761 575 814 terrea
588 751 743 830 multiplex
758 749 1000 810 etvarianatura
1014 756 1075 809 ιιι
1114 749 1216 808 ”Ara

182 847 214 910 bi
227 849 320 908 multa
333 849 429 923 arbor,
444 857 474 908 et
493 848 564 907 vitis
584 847 683 926 largos
697 845 841 924 mitesque
860 845 975 904 fruetus
990 843 1059 902 alit
1109 844 1213 904 Solum

181 943 299 1022 pingue<
313 943 408 1002 orebri
429 943 524 1002 lentes
547 941 650 1020 rigent.
709 939 785 1010 Qua
804 939 921 998 mitiora
948 945 1029 1014 sunt,
1060 939 1211 998 frumento
1254 953 1255 958 ’

181 1045 379 1098 conseruntur.
423 1035 538 1098 (laetere
559 1042 754 1110 armentorum
774 1035 880 1112 pabulo
903 1033 1018 1092 cedunt
1069 1035 1210 1114 Magnam

182 1132 203 1160 ¹¹
215 1131 320 1190 deiude
333 1138 446 1210 partem
460 1131 591 1209 ejusdem
612 1139 699 1190 terrae
719 1131 834 1190 steriles
848 1149 941 1188 arenae
954 1136 1073 1188 tenent
1122 1131 1207 1210 Squa

181 1225 242 1286 lida
256 1226 387 1286 similate
400 1226 481 1305 ragio
495 1245 553 1286 nou
566 1225 720 1299 hominem,
733 1244 791 1284 non
804 1225 918 1302 frugem
931 1223 993 1282 alit.
1043 1223 1131 1285 Orlm
1145 1227 1206 1286 vert

181 1322 263 1382 venti
277 1343 295 1382 a
309 1322 432 1384 Pontion
446 1321 520 1382 mari
534 1321 653 1400 spirent,
668 1319 808 1400 quiequid
829 1319 923 1380 sabuli
936 1319 968 1378 in
981 1321 1102 1398 eampis
1122 1323 1204 1398 jaeet

181 1425 364 1478 eonverrunt.
418 1417 505 1488 Quod
528 1416 580 1478 ubi
604 1415 781 1476 tumulatum
809 1421 862 1490 ιιι,
885 1433 1062 1492 magnorum
1090 1417 1205 1476 oolliuu

181 1513 283 1590 proeul
309 1513 419 1591 speeies
444 1520 506 1588 est;
529 1511 681 1590 omniaque
705 1509 823 1588 pristini
848 1510 961 1568 itineris
974 1511 1114 1591 vestigia
1139 1513 1204 1570 inte

182 1615 278 1666 reunt.
334 1606 440 1684 Itaque
467 1607 518 1688 qui
545 1612 697 1666 transeunt
723 1623 849 1682 eampes,
877 1603 1088 1682 navigantium
1123 1607 1207 1666 mode

182 1707 272 1759 noetu
285 1693 389 1758 sidera
397 1700 561 1775 observant,
576 1700 613 1758 ad
637 1719 758 1778 quorum
769 1719 895 1764 ‚euraum
915 1699 973 1758 iter
993 1699 1161 1781 dirigunt:
1181 1711 1206 1761 et

182 1792 390 1869 propemodum
412 1792 517 1854 olarior
541 1801 587 1852 eat
608 1793 702 1868 noetis
724 1795 835 1868 umbra,
849 1814 937 1872 quam
956 1793 1019 1854 lux.
1067 1797 1157 1878 Ergo
1172 1799 1205 1856 ιιι

181 1885 279 1944 terdiu
300 1886 379 1947 invia
401 1895 447 1946 est
468 1888 567 1968 regio:
589 1889 658 1967 quia
679 1909 733 1950 neo
747 1889 912 1969 vestigium,
925 1890 1004 1969 quod
1022 1903 1206 1973 aequantur,

182 1980 344 2058 inveniunt,
366 1989 395 2040 et
416 1983 495 2042 nitor
518 1983 536 2012 ¹⁴
547 1983 675 2044 siderum
699 1985 822 2064 ealigine
850 1985 1050 2046 absconditur.
1117 1990 1207 2052 Gaeta-

181 2077 250 2135 rrlrn
272 2077 298 2135 ιι
320 2096 393 2156 quos
417 2078 470 2152 ille¹
489 2086 602 2156 ventus,
627 2079 677 2158 qui
702 2100 719 2138 a
740 2080 814 2138 mari
834 2081 974 2154 exoritur,
996 2081 1206 2162 deprehendit,

182 2175 271 2231 arent
298 2172 402 2232 obruit.
454 2173 514 2250 Sed
536 2177 595 2254 qud
619 2175 717 2233 mitior
742 2181 821 2233 terra
848 2183 900 2252 ιιι,
920 2176 1023 2254 iugens
1050 2178 1207 2240 hominurn

181 2289 375 2349 equorumque
396 2270 555 2333 multitudo
568 2259 706 2350 gignitur.
749 2268 820 2348 Ipsa
845 2269 960 2346 Baetra,
982 2273 1123 2350 regionis
1145 2281 1206 2354 ejus

181 2373 277 2442 eaput,
292 2367 350 2426 sita
363 2367 500 2428 suntaub
513 2374 611 2428 monte
632 2366 828 2443 Parapamiso.
871 2366 997 2426 Baetrua
1017 2371 1123 2430 amnia
1137 2394 1207 2451 praa

180 2459 251 2514 terit
272 2459 386 2516 moenia
439 2459 472 2518 Ie
495 2461 563 2522 urbi
587 2467 617 2518 ιι
640 2461 752 2540 regioni
777 2461 860 2520 dedit
868 2481 993 2524 nomen.
1037 2465 1106 2526 Hie
1130 2469 1206 2548 Regi

181 2550 288 2608 stativa
311 2550 437 2623 habenti
451 2553 604 2615 nunciatur
626 2573 663 2613 ex
684 2555 799 2632 Graecia
820 2555 1089 2635 Peloponnensium
1116 2563 1204 2622 Laco

180 2663 306 2724 numque
329 2629 432 2708 defeat
412 2652 477 2704 turo
512 2647 651 2706 Nondum
673 2651 750 2710 enim
772 2653 844 2712 vieti
865 2659 955 2725 erant,
979 2655 1051 2712 erim
1073 2661 1204 2734 profieia

66 2798 69 2802 ,
181 2746 315 2806 narentur
329 2739 456 2806 tumult
439 2760 475 2818 us
490 2743 552 2820 ejus
565 2743 707 2850 principia
720 2747 892 2806 nunciaturi
922 2747 964 2806 Ilt
977 2747 1056 2808 alius
1070 2771 1202 2828 praeseus

180 2842 274 2896 terror
288 2837 373 2908 affert
361 2844 417 2914 tur,
433 2811 565 2916 Scythas,
579 2838 629 2918 qui
651 2839 729 2900 ultra
752 2841 876 2902 Tanaim
897 2862 1010 2904 amnem
1024 2846 1141 2926 nolunt,
1156 2851 1201 2910 ad·

180 2937 307 3018 ventare,
323 2932 414 2992 Besso
428 2935 554 2994 ferentes
569 2953 659 3012 operm
739 2979 740 2983 ,

244 3027 287 3082 17
310 3025 423 3086 Eodem
445 3035 582 3108 tempore,
605 3049 670 3108 quae
693 3029 725 3088 in
747 3037 848 3110 gente
856 3031 995 3093 Ariorum
1012 3033 1151 3115 Optanus
1172 3048 1199 3098 et

181 3115 321 3194 Erigyius
342 3129 501 3196 gesserant,
514 3125 727 3204 perferuntur.
759 3123 953 3204 Commissum
974 3136 1039 3188 erat
1058 3133 1197 3208 praeliuur

180 3209 256 3269 inter
272 3210 443 3274 Macedones
458 3217 614 3300 Ariosque.
655 3199 818 3300 Transfuga
830 3221 1033 3284 Satibarzanes
1053 3225 1196 3288 Barbaria

178 3312 321 3386 praeerat:
352 3307 403 3386 qui
425 3309 494 3374 oum
514 3331 641 3418 pugnem
665 3333 782 3394 segnem
805 3315 941 3395 utrinque
964 3319 1058 3398 aequis
1083 3323 1195 3384 viribua

179 3409 257 3462 stare
283 3399 451 3477 vidisset,'
443 3407 473 3467 ιι
500 3405 624 3482 primos
636 3409 751 3468 ordines
771 3410 977 3490 adequitavit3
1015 3413 1194 3498 demptaque

177 3497 269 3578 galea,
290 3497 444 3580 inhibitis
445 3499 496 3584 qui
522 3500 582 3559 tela
600 3503 755 3580 jaciebant,
780 3506 805 3564 ιι
828 3505 894 3585 quis
920 3508 1031 3568 viritim
1056 3510 1193 3574 diminuta

177 3593 277 3670 vellet,
291 3595 459 3674 provocavit
480 3595 518 3654 ad
539 3616 675 3676 pugnam,
689 3600 800 3660 nudum
823 3621 854 3660 se
874 3612 961 3682 eaput
982 3605 1013 3663 iu
1033 3610 1196 3670 certamine

176 3685 351 3750 habiturum.
403 3690 432 3750 N
435 3711 471 3752 on
485 3691 555 3750 tulit
568 3693 705 3754 ferociam
719 3695 844 3757 Barbari
859 3696 920 3756 dux
940 3699 1021 3760 illius
1032 3704 1192 3766 ,exereitus

177 3779 324 3860 Erigyius,
339 3787 436 3864 gravis
449 3787 566 3868 quidem
580 3797 675 3866 aetate,
691 3791 742 3850 sed
756 3799 786 3850 et
797 3793 885 3852 animi
900 3801 929 3854 et
942 3799 1071 3874 eorporis
1085 3800 1191 3880 robora
