2520 4390
180 327 236 385 118
520 340 660 392 curnrr
687 340 841 382 courir.

174 484 278 556 terrim,
294 481 330 556 ai,
352 479 399 538 cui
421 479 507 540 fidem
529 479 622 555 daret,
646 478 795 540 rideretur
816 476 963 556 indignus,
987 475 1091 538 multa
1118 477 1212 538 exilia

174 583 275 654 patere
287 574 430 654 fugienti3
452 573 576 652 patriam
589 592 652 634 esse
671 573 842 651 ubicumque
856 573 901 632 vir
922 570 1009 630 fortis
1031 571 1145 632 sedern
1159 573 1211 632 ele·

173 669 281 750 gerit.”
313 668 375 728 Neo
390 669 536 730 dubitavit
549 668 716 728 Alexander
729 667 823 741 iidem,
838 686 897 745 quo
911 667 1012 726 Persae
1025 667 1124 726 modo
1140 670 1210 726 aeci·

172 764 301 843 piabant,
315 764 394 840 dare,
408 763 588 838 inviolatum,
602 763 631 824 si
649 763 786 837 vaeneat,
799 762 870 822 fore
924 760 1079 832 Quadrato
1107 770 1208 822 tamen

173 861 286 935 agmine
307 867 337 920 et
356 860 515 937 composito
536 859 616 920 ibat:
632 858 826 942 speculatores
845 857 989 918 ’subinde
1002 859 1207 934 praemittens,

172 955 223 1034 qui
242 955 425 1032 explorarent
438 953 507 1014 loca.
570 953 657 1014 Levis
678 960 824 1012 armatura
841 951 963 1013 ducebat
983 971 1115 1030 agmen:
1139 954 1205 1032 pha·

171 1049 240 1108 lanx
261 1069 324 1108 eam
345 1048 533 1126 sequebatur:
553 1055 619 1126 post
637 1048 749 1126 pedites
776 1054 858 1108 erant
884 1046 1105 1126 impedimenta.
1167 1049 1204 1107 lit

171 1163 241 1224 gens
253 1143 399 1218 bellicosa,
415 1150 444 1202 et
456 1147 563 1202 natura
576 1143 651 1204 situs
670 1143 795 1202 difficilis
817 1142 908 1217 aditu,
922 1161 1022 1200 curam
1044 1142 1150 1222 Regis
1165 1145 1203 1200 in-

171 1239 313 1300 tenderat
366 1237 497 1317 Namque
510 1246 649 1316 perpetua
661 1237 746 1297 vallis
764 1239 850 1314 jacet,
865 1255 956 1316 usque
976 1237 1014 1297 ad
1026 1256 1117 1298 mere
1135 1238 1200 1300 (im
1248 1281 1249 1298 1

171 1334 251 1410 pium
270 1340 379 1412 patens.
441 1334 459 1362 ¹⁰
467 1332 533 1392 Duo
553 1339 639 1394 terrae
659 1333 730 1408 ejus,
743 1331 836 1392 veluti
855 1330 982 1406 brachia,
1010 1341 1198 1392 excurrunt:

173 1429 296 1489 ¹¹media
316 1429 394 1488 flexu
415 1427 526 1488 modico
547 1429 642 1488 sinum
661 1427 779 1502 iaciunt,
800 1425 876 1488 lunae
894 1425 1026 1484 ‘maxime
1054 1426 1195 1501 similem,

172 1525 241 1580 cuim
262 1522 389 1580 eminent
410 1541 525 1596 cornua,
547 1523 673 1580 nondum
695 1527 789 1578 totum
810 1519 912 1580 orbem
931 1519 1025 1579 sidere
1046 1521 1197 1600 implente

172 1615 307 1690 oerore,
322 1615 439 1692 Mosyni
461 1621 491 1674 et
514 1613 669 1692 Chalybes,
683 1635 701 1672 a
723 1615 799 1675 lava
823 1621 911 1692 sunt;
941 1613 977 1674 ab
1001 1613 1099 1674 alterat
1113 1625 1197 1696 parte

171 1708 338 1786 Leucosyri,
353 1714 383 1767 et
403 1709 582 1768 Amazonum
603 1709 715 1785 campi:
743 1710 801 1768 ¹²et
824 1709 902 1786 illos,
930 1710 988 1788 qud
1016 1711 1120 1789 vergit
1161 1711 1194 1769 ad

171 1801 411 1880 Septentrionem,
426 1801 479 1862 hos
492 1803 530 1863 ad
544 1821 676 1862 occasum
690 1823 834 1879 conversa,
845 1811 1018 1882 prospectat.

231 1900 258 1956 9.
281 1896 364 1956 Mare
388 1895 533 1974 Caspium,
554 1897 669 1958 dulcius
690 1900 812 1974 caeteris,
832 1899 960 1978 ingentis
980 1899 1194 1978 magnitudinis

174 1997 322 2070 serpentes
335 1990 398 2066 alit,
413 1998 443 2050 et
456 1990 550 2069 pisces
563 1991 648 2072 longe
664 1993 773 2053 diversi
785 1993 821 2053 ab
834 1993 900 2052 aliis
914 1994 1024 2054 coloris.
1069 1993 1194 2064 Quidam

177 2086 339 2164 Caspium,
354 2086 471 2166 quidam
485 2088 670 2165 Hyrcanum
684 2087 837 2166 appellant.
868 2089 933 2148 Alii
946 2095 1024 2164 sunt,
1037 2091 1091 2167 qui
1105 2089 1192 2150 Maec

172 2183 227 2242 tim
250 2183 395 2244 Paludem
416 2181 448 2240 in
468 2182 501 2242 id
524 2183 625 2242 cadere
644 2189 759 2262 putent,
785 2190 815 2242 et
835 2190 1036 2262 argumentum
1057 2185 1191 2260 afferunt,

173 2299 275 2357 aquam
293 2278 372 2358 qubd
391 2278 503 2338 dulcior
525 2279 573 2355 sit,
594 2281 681 2357 quim
702 2285 808 2338 caetera
831 2279 932 2354 maria,
953 2278 1049 2338 infuso
1077 2281 1191 2356 paludis

105 2367 110 2372 ’
170 2373 289 2432 humore
301 2374 458 2434 mitescere.
499 2373 530 2432 A
550 2373 754 2450 Septentrione
772 2373 873 2454 ingens
894 2375 924 2436 in
943 2373 1030 2434 littus
1049 2394 1131 2434 mare
1152 2377 1191 2434 in·

171 2467 289 2540 cambit,
313 2466 454 2545 longeque
477 2467 539 2544 agit
564 2469 676 2544 fluctus,
705 2469 767 2527 ¹²et
792 2475 898 2548 magni
921 2475 1003 2548 parte
1026 2478 1190 2529 exaestuans

171 2566 296 2637 stagnat.
338 2559 431 2635 Idem,
445 2559 503 2619 alio
523 2561 589 2620 coeli
611 2569 700 2638 statu,
715 2563 819 2641 recipit
840 2583 871 2622 se
891 2563 922 2622 in
940 2565 1057 2639 fretum,
1082 2565 1190 2624 eodem-

170 2673 227 2734 que
249 2654 370 2734 impctu,
392 2674 449 2735 quo
469 2655 591 2714 effusum
611 2663 665 2732 est,
686 2657 825 2734 relabens,
855 2666 963 2720 terram
989 2666 1104 2719 naturae
1131 2681 1190 2721 suae

170 2749 284 2828 ncddit3
317 2757 347 2812 et
372 2749 490 2831 quidam
512 2750 662 2812 credidere
687 2771 745 2812 non
776 2752 913 2832 Caspium
938 2773 1017 2814 mare
1041 2773 1116 2830 ease,
1141 2756 1190 2814 sed

171 2865 209 2904 ex
241 2845 329 2906 India
362 2847 394 2906 in
433 2845 611 2926 Hyrcaniam
650 2847 769 2926 cadere;
806 2849 920 2925 ¹‘cujus
953 2848 1106 2926 fastigium
1146 2851 1190 2927 (ut

171 2941 260 3018 supra
281 2941 390 3000 dictum
411 2947 468 3022 est)
490 2947 632 3021 perpetua
658 2943 733 3003 valle
759 2943 952 3004 submittitur.
1014 2944 1097 3004 Hinc
1124 2945 1189 3005 Rex

170 3048 276 3126 viginti
302 3050 397 3109 stadia
415 3054 565 3132 processit,
584 3053 690 3114 semita
702 3053 908 3132 propemodum
928 3053 1015 3130 invii,
1037 3054 1086 3114 cui
1108 3057 1189 3135 sylva

170 3143 346 3220 imminebat,
366 3152 568 3227 torrentesque
602 3156 632 3207 et
663 3149 772 3210 eluvies
793 3149 851 3208 iter
872 3150 1078 3227 morabantur3
1109 3152 1188 3212 nullo

169 3245 267 3298 tamen
279 3239 362 3299 hoste
376 3240 470 3316 obvio,
485 3245 657 3320 penetravit,
672 3244 840 3325 tandemque
860 3245 898 3304 ad
917 3245 1058 3308 ulteriora
1070 3267 1187 3323 perven-

169 3340 234 3394 tum
247 3340 300 3394 est.
341 3335 456 3394 Praeter
476 3337 550 3396 alios
570 3346 753 3416 commeatus,
773 3359 894 3419 quorum
913 3347 977 3400 tum
999 3341 1082 3418 copie
1108 3343 1187 3422 regio

170 3429 343 3506 abundabat,
356 3449 506 3508 pomorum
517 3451 628 3511 quoque
641 3433 741 3514 ingens
753 3435 862 3498 modus¹
873 3435 1012 3512 nascitur,
1026 3444 1057 3494 et
1076 3437 1186 3498 uberri-

170 3545 250 3584 mum
264 3526 417 3606 gignendis
431 3527 495 3586 uvis
516 3527 609 3588 solum
627 3536 680 3588 est
723 3531 872 3608 Frequens
886 3532 973 3592 arbor
984 3533 1090 3592 faciem
1106 3554 1185 3612 quer·

169 3621 336 3697 anthabet,
357 3624 441 3700 cujus
463 3622 534 3681 folia
555 3623 647 3682 multo
661 3625 747 3684 molle
768 3627 940 3704 tinguntur:
961 3627 1013 3688 sed
1036 3628 1095 3688 nisi
1117 3629 1184 3688 solis

168 3722 267 3774 ortum
279 3718 382 3778 incolae
396 3719 416 3747 ¹⁵
426 3719 637 3796 occupaverint,
651 3721 699 3780 vel
723 3721 836 3782 modico
851 3729 952 3800 tepore
975 3740 1079 3782 succus
1093 3724 1183 3782 extin-

169 3809 278 3886 guitur.
322 3812 457 3890 Triginta
469 3813 537 3872 hinc
551 3814 645 3874 stadia
664 3822 852 3891 processerat,
866 3816 935 3876 crim
950 3813 1183 3896 Phrataphernes
