2600 4394
402 370 525 412 urana
551 370 613 412 111.
641 370 727 410 oar.
755 369 779 410 1.
1079 355 1098 412 7

104 505 246 568 considere·
286 505 473 588 (laeterqu
609 507 689 568 intra
707 508 888 586 murosduit,
901 527 1005 570 nomen
1017 527 1102 570 mum

104 603 204 664 retinet
245 601 288 662 At
311 605 379 662 edm
402 610 486 664 extra
508 624 537 662 m
576 603 685 662 ‘menta
705 623 735 662 ae
755 603 872 680 evolvit,
892 605 999 680 majore
1019 604 1050 664 vi
1068 621 1102 664 ae

104 695 169 756 mola
191 703 322 776 agentem
343 698 446 772 undas,
465 699 586 776 Dyeum
607 697 759 776 appellant.
801 698 969 758 Alexander
988 698 1103 779 quidem

102 791 191 852 urbem
205 791 373 851 destitutam
386 813 404 850 a
417 791 478 852 suis
501 792 607 852 intrat:
629 811 723 851 arcem
735 793 805 852 rerd
824 793 856 850 in
875 812 960 872 quam
972 793 1103 872 coniuge·

103 893 167 960 rant,
180 905 340 967 oppugnare
361 887 491 962 adortus,
513 887 738 946 'caduceatorem
758 886 905 964 praemisit,
925 887 975 966 qui
996 887 1103 948 denun-

103 981 190 1056 oiarot,
214 980 255 1040 ‘ni
279 981 424 1056 dederent,
446 981 525 1060 ipsos
546 981 650 1040 ultima
673 999 734 1040 esse
757 999 898 1060 passuros
945 981 997 1040 llli
1018 981 1103 1042 oadu-

104 1081 236 1134 oeatorem
257 1075 288 1133 in
308 1075 422 1150 turrim,
436 1082 467 1134 et
488 1075 548 1136 situ
566 1082 597 1138 et
616 1074 841 1152 operemultdm
854 1075 973 1150 editam,
986 1075 1104 1154 perduc·
1167 1151 1170 1158 .

104 1169 616 1249 tum,quanteessetaltitudo,intneri
624 1169 916 1246 jubent,aonunciare
925 1169 1103 1246 Alexandro,

100 1268 116 1298 “
125 1285 178 1323 non
190 1265 291 1323 eadem
304 1265 399 1342 ipsum
419 1271 449 1324 et
468 1264 576 1324 incolas
588 1264 778 1324 aestimatione
797 1263 974 1324 munimenta
988 1265 1103 1325 metiri:

100 1379 128 1418 so
140 1360 209 1418 scire
222 1359 455 1438 inexpugnabiles
469 1377 548 1418 esse:
570 1357 617 1416 'ad
630 1358 766 1416 ultimum
786 1377 838 1434 pro
850 1357 906 1416 tide
921 1359 1103 1420 morituros”

101 1454 252 1529 Oaeterrim,
265 1461 301 1512 ut
314 1451 510 1512 circumsideri
524 1472 626 1528 arcem,
640 1458 670 1510 et
684 1451 780 1510 omnia
792 1451 849 1511 sibi
860 1451 893 1510 in
906 1451 968 1512 dies
982 1453 1106 1512 arctiora

97 1549 228 1609 viderunt
241 1566 318 1623 esse;
340 1547 490 1626 sexaginta
510 1546 622 1606 dieram
637 1545 777 1605 ‘inducias
796 1545 883 1624 pacti,
896 1553 938 1622 ut,
951 1546 1008 1606 nisi
1028 1548 1106 1608 intra

97 1663 142 1704 eos
156 1643 292 1703 auxilium
304 1642 410 1702 Darius
430 1642 501 1720 ipsis
513 1641 651 1716 misisset,
665 1640 802 1701 dederent
815 1641 931 1719 urbem;
952 1649 1105 1722 postquam

95 1739 167 1798 nihil
175 1739 244 1798 -inde
256 1737 383 1817 praesidii
395 1737 574 1814 mittebatur,
585 1737 623 1796 ad
643 1738 838 1815 praestitutam
851 1735 928 1798 diem
947 1737 1105 1816 permisere

96 1853 128 1892 se
141 1853 210 1912 regi.

154 1934 180 1988 2.
201 1928 430 2006 'Superveniunt
451 1927 519 1987 inde
541 1927 632 2006 legati
655 1926 887 2004 Atheniensium,
911 1933 1051 2007 petentes,
1070 1933 1105 1986 nt

95 2022 170 2100 capti
184 2023 261 2100 apud
275 2022 430 2083 Granicum
439 2041 551 2080 amnem
560 2020 748 2080 redderentur
758 2021 825 2082 sibi.
858 2020 926 2096 Ille,
941 2025 959 2057 “
969 2021 1037 2081 Non
1050 2021 1105 2081 hos

93 2116 185 2191 modd,
204 2115 255 2175 sed
275 2116 362 2174 etiam
376 2121 495 2174 caeteros
516 2113 633 2175 aracos
646 2114 761 2173 restitui
775 2115 844 2190 suis,
861 2116 1039 2191 jussurum,’'
1058 2134 1101 2174 re-

28 2285 29 2288 ,
91 2211 217 2288 spondit,
240 2210 346 2268 “finito
367 2209 486 2268 Persico
509 2209 614 2268 bello.”
656 2207 804 2268 Caeterdm
830 2209 921 2268 Dario
943 2209 1104 2284 imminena

90 2327 179 2390 quem
198 2306 326 2366 nondum
343 2305 521 2382 Euphratem
536 2309 687 2382 superasse
706 2311 888 2384 cognouerat,
904 2305 1029 2384 undique
1047 2325 1105 2365 om·

88 2420 143 2462 nes
157 2400 254 2479 copias
264 2399 416 2475 contrahit,
431 2400 501 2458 totis
514 2399 625 2459 viribus
635 2398 708 2458 tanti
719 2397 789 2458 belli
799 2397 952 2458 discrimen
962 2399 1104 2462 aditurus.

90 2495 227 2576 Phrygia
246 2501 316 2570 erat,
343 2513 395 2572 per
417 2513 502 2572 quam
523 2493 681 2554 ducebatur
703 2493 857 2568 exercitus,
879 2493 1011 2572 pluribus
1031 2495 1104 2556 vicis

88 2611 178 2670 quam
207 2589 328 2650 urbibus
354 2589 496 2667 frequens
554 2587 635 2646 Tunc
661 2587 785 2648 habebat
811 2589 955 2666 quondam
979 2589 1104 2651 nobilem

90 2686 186 2746 Midae
198 2684 321 2764 regiam3
340 2683 480 2744 Gordium
492 2702 597 2742 nomen
605 2689 651 2742 est
659 2683 733 2759 urbi,
746 2703 833 2762 quam
847 2683 1003 2764 Sangarius
1013 2684 1104 2743 amnis

87 2778 271 2857 praeterllnit,
290 2777 372 2856 ⁸pari
385 2777 538 2837 intervallo
552 2776 673 2836 Pontico
686 2783 716 2836 et
730 2775 833 2838 cilicio
851 2777 925 2836 mari
940 2777 1103 2838 distantem.

88 2873 177 2932 Inter
196 2872 258 2934 hmo
282 2873 382 2948 maria,
399 2871 635 2951 angustissimum
651 2872 733 2932 Asiae
750 2872 875 2949 spatium
890 2891 952 2932 esse
969 2874 1105 2952 comperi·

85 2988 171 3044 mus;
196 2969 337 3045 ’utroque
358 2968 500 3026 inaratae
523 2967 621 3034 fauces
645 2966 836 3044 compellente
862 2974 977 3028 terram.
1032 2967 1105 3040 Qua

84 3063 159 3141 quia
173 3061 333 3124 continenti
346 3061 482 3137 adhaeret,
496 3062 547 3121 sed
559 3064 664 3140 magna
680 3081 717 3120 ex
729 3068 811 3139 parte
824 3061 951 3142 cingitur
960 3063 1103 3139 fluctibus,

84 3157 219 3233 speciem
241 3155 345 3218 insulae
365 3155 491 3234 praebet3
524 3174 567 3229 ac,
588 3155 647 3214 nisi
669 3162 755 3215 tenue
778 3155 931 3217 discrimen
957 3157 1103 3235 objiceret,

82 3250 193 3326 maria,
207 3267 272 3329 quae
287 3267 363 3308 nune
387 3249 504 3324 dividit,
521 3249 540 3282 ¹⁰
548 3250 746 3310 committeret
787 3250 966 3327 Alexander,
984 3253 1055 3313 urbe
1073 3252 1105 3309 in

81 3364 174 3404 suam
189 3345 329 3404 ditionem
341 3343 469 3420 redacta,
483 3343 507 3403 J
507 3343 570 3404 ouis
583 3343 722 3422 templum
737 3345 843 3423 intrat;
864 3346 1028 3408 vehiculum
1046 3365 1104 3424 quo

81 3437 245 3514 Gordium,
260 3439 350 3499 Midae
362 3445 482 3516 patrem,
496 3445 611 3498 vectum
620 3457 682 3498 esse
695 3440 853 3516 constabat,
867 3440 1008 3519 adspexit,
1023 3439 1105 3498 cultu

68 3531 169 3592 haud
185 3535 253 3594 sane
267 3532 447 3594 avilioribus
460 3532 640 3612 vulgatisque
658 3551 715 3592 usu
734 3531 897 3594 abhorrens
939 3533 958 3567 ¹¹
968 3531 1104 3592 Notabile

77 3634 153 3686 erat
168 3629 273 3706 jugum
286 3626 457 3687 adstrictum
469 3627 662 3705 compluribus
674 3627 759 3688 nodis
776 3629 808 3686 in
824 3627 993 3704 semetipsos
1013 3626 1105 3706 impli-

75 3722 161 3778 catis
177 3729 209 3778 et
227 3719 386 3780 celantibus
403 3740 501 3780 nexus
544 3721 651 3780 Inoolis
668 3721 771 3780 deinde
787 3719 1002 3796 affirmantibus,
1021 3724 1037 3754 “
1047 3722 1104 3780 edi·

73 3821 148 3874 tam
171 3833 236 3872 esse
260 3814 374 3880 oraculo
398 3821 512 3888 sortem,
537 3813 620 3876 Asiae
640 3815 808 3890 potiturum,
831 3812 881 3892 qui
903 3812 1103 3892 inexplicabile
