2520 4390
204 363 260 424 tas
551 378 691 432 curari
717 377 858 422 curru

199 517 313 594 tulisse,
327 516 379 578 aad
400 517 496 596 ipsum
518 524 579 578 tam
593 518 653 580 levi
676 517 787 578 auctori
807 517 880 578 nihil
903 517 1108 592 credidissa,”
1121 529 1204 590 respon
1231 515 1232 530 ¹

199 611 261 672 dit:
282 613 439 672 “veritum
459 633 496 672 ne
515 614 646 693 jurgium
667 613 745 672 iuter
759 619 920 672 amatorem
939 620 975 672 et
998 612 1153 683 exoletum,
1168 625 1205 664 uer

199 707 262 767 sine
289 707 352 768 risu
380 708 513 788 aliorum,
546 708 708 768 detulisset.
766 708 839 769 de
867 707 1019 784 Dymnus
1057 700 1206 766 interemerit

197 801 333 882 seipsum,
357 804 577 884 qualiacumque
601 812 692 880 erant,
720 823 778 862 non
805 803 895 863 fuisse
928 801 1139 862 reticenda:”
1157 816 1205 854 cou-

196 899 359 980 plexusque
374 899 496 982 Regem,
511 919 595 958 orare
607 897 714 977 ooepit,
731 903 747 932 ‘⁴
759 907 794 958 ut
815 899 1013 978 praeteritam
1027 898 1122 958 vitam
1133 891 1205 970 potiit

196 997 285 1074 quern
309 995 432 1072 culpam,
453 993 564 1054 silentii
590 1003 697 1070 tamen,
725 1015 782 1054 uon
809 995 880 1054 facti
903 993 1021 1068 ullius,
1044 982 1204 1050 intueretur.¹’

197 1088 288 1148 Haud
312 1089 399 1148 facile
428 1089 562 1164 dixerim,
591 1091 784 1150 credideritne
812 1095 839 1148 ei
866 1090 948 1165 Rex,
983 1109 1027 1147 an
1049 1085 1139 1146 aitids
1155 1083 1203 1138 iau

196 1184 399 1264 suppresserit.
452 1185 594 1246 Dextram
615 1187 810 1246 reconciliata
832 1187 939 1265 gratiae
964 1185 1084 1264 pignus
1105 1174 1201 1244 obtulit

195 1286 227 1339 et
248 1288 446 1360 contemptum
470 1282 563 1362 magis
586 1283 675 1362 quam
699 1281 825 1342 celatum
848 1281 1003 1340 indicium
1034 1296 1110 1350 esse,
1135 1265 1201 1332 videri

195 1375 253 1437 sibi
266 1376 350 1436 dixit.

255 1471 352 1534 VIII.
374 1477 419 1532 23.
442 1473 596 1534 Advocato
620 1480 718 1532 tamen
742 1472 864 1532 concilio
889 1463 1199 1545 minorennium

195 1565 330 1628 Philotas
352 1567 503 1629 adhibitus
516 1587 574 1627 non
588 1575 642 1643 est,
658 1567 869 1626 Nicomachum
882 1565 1045 1626 introduci
1056 1559 1145 1640 jubet.
1177 1549 1198 1608 Ῑ8

194 1661 295 1720 eadem
317 1681 383 1742 quae
407 1663 552 1722 detulerat
576 1662 613 1720 ad
640 1662 762 1741 Regem,
790 1663 892 1722 ordine
919 1659 1080 1740 exposuit
1129 1647 1197 1710 ssiat

196 1754 335 1818 Craterus
359 1757 438 1835 Regi
462 1776 546 1816 carus
566 1757 597 1816 in
621 1757 730 1836 paucis,
745 1765 776 1815 et
790 1758 824 1816 ed
840 1757 985 1831 Philotae,
1002 1755 1043 1815 ob
1064 1741 1194 1812 aemulati&

128 1935 134 1946 „
193 1871 260 1914 nem
274 1853 435 1934 dignitatis,
450 1853 597 1912 adversus.
640 1853 743 1932 Neque
766 1853 927 1930 ignorabat,
951 1871 1038 1930 saepe
1058 1831 1194 1908 Alexandri

194 1948 314 2008 auribus
326 1949 418 2006 nimia
438 1947 600 2024 jactatione
613 1947 734 2006 virtutis
759 1956 846 2027 atquo
860 1967 957 2026 operae
983 1961 1106 2026 gravem
1119 1934 1192 1998 fruta

194 2049 225 2102 et
239 2043 276 2103 cb
290 2063 325 2102 ea
338 2063 396 2102 nou
410 2041 528 2122 quidem
541 2042 659 2102 sceleris
682 2043 733 2102 sed
748 2043 960 2102 'contumaciae
982 2051 1086 2100 tamen
1106 2041 1192 2104 ,nspec-

193 2143 265 2200 tum.
322 2138 350 2198 N
354 2158 391 2198 on
418 2138 506 2198 aliam
538 2139 688 2217 premendi
707 2138 830 2198 ¹inimici
858 2139 1044 2198 occasionem
1077 2126 1190 2208 aptiorem

141 2267 146 2276 ·
195 2234 325 2294 futuram
347 2242 438 2310 ratus,
460 2235 548 2295 'odio
564 2255 614 2294 suo
628 2235 747 2313 pietatis
769 2233 927 2312 praeferens
950 2233 1102 2314 speeiem:
1123 2210 1191 2315 “UIJ

193 2332 289 2406 uam,'’
303 2331 407 2410 iuquit,
423 2335 439 2366 “
452 2331 483 2390 iu
506 2331 650 2409 principio
665 2331 797 2410 ⁴quoque
819 2329 907 2406 hujus
921 2329 965 2390 rei
979 2325 1130 2390 nobiscum
1141 2305 1189 2412 dail·

112 2505 115 2512 Ι
193 2425 344 2486 batesses:
366 2427 565 2502 suasissemus,
580 2426 604 2484 si
628 2425 756 2486 Philota
769 2425 861 2485 velles
883 2425 1049 2503 ignoscere,
1073 2417 1189 2496 paterere

193 2517 294 2597 potids
315 2517 447 2595 ignorare
469 2537 544 2592 eum,
559 2525 697 2596 quantum
718 2519 837 2580 deberet
859 2519 924 2595 tibi,
948 2523 1042 2600 quiam
1064 2491 1187 2588 usquead

192 2610 297 2674 mortis
310 2617 420 2670 metum
434 2611 599 2688 adductum,
613 2631 729 2692 cogeres
741 2615 838 2692 potius
852 2614 887 2674 de
900 2615 1034 2694 periculo
1049 2626 1109 2680 suo,
1121 2596 1186 2678 quta

193 2709 231 2770 de
254 2714 305 2770 tuo
328 2707 454 2790 cogitare
467 2707 613 2770 beneficio.
656 2709 713 2768 Ille
727 2711 803 2770 enim
816 2729 928 2790 semper
947 2705 1084 2772 insidiari
1096 2692 1186 2766 „bipe-

193 2807 283 2868 terit:
304 2813 338 2866 tu
358 2825 416 2868 uon
437 2824 547 2884 semper
568 2803 696 2865 Philotae
708 2805 816 2884 poteris
836 2805 992 2886 ignoscere.
1057 2794 1133 2858 'Nee
1149 2785 1185 2848 ⁰⁵⁶1

193 2903 270 2982 quod
283 2903 439 2978 existimes,
454 2921 520 2960 enm
533 2900 582 2980 qui
596 2908 711 2960 tantum
724 2902 836 2962 facinus
851 2921 938 2962 ausus
951 2910 1006 2979 est,
1021 2895 1106 2961 venii
1123 2889 1184 2963 P⁰sse

193 2997 315 3056 mutam
351 2998 413 3058 Scit
426 3017 483 3074 eos,
498 2997 548 3076 qui
562 2996 806 3057 ⁶misericordiam
826 3000 1073 3076 consumpserunt,
1085 2973 1185 3057 ,mpliit

194 3109 310 3170 sperare
323 3110 382 3150 nou
394 3111 484 3171 posse.
545 3093 589 3152 At
603 3111 664 3172 ego,
679 3091 766 3150 etiam
780 3091 806 3150 ei
825 3091 896 3170 ipse,
910 3092 958 3152 vel
969 3079 1140 3170 punientia
1150 3058 1182 3124 iil

193 3185 328 3248 beneficio
339 3193 390 3244 tuo
404 3187 508 3262 vietus,
523 3188 669 3268 quiescere
681 3185 771 3263 volet,
784 3195 897 3266 patrem
908 3189 971 3265 ejus
982 3176 1183 3248 Parmeniouelli

194 3280 270 3342 tanti
283 3280 383 3363 ducem
396 3281 553 3357 exercitiis,
567 3290 597 3341 et
611 3282 789 3343 'inveterata
802 3281 880 3360 apud
898 3282 1009 3342 milites
1029 3289 1092 3340 tuos
1109 3263 1181 3325 8¹1⁰*st

193 3377 291 3454 ritate,
304 3377 383 3437 haud
395 3375 522 3436 multum
534 3376 609 3435 infra
620 3377 825 3457 magnitudinis
840 3385 899 3439 tuae
911 3379 1060 3458 fastigium
1072 3362 1182 3448 positum,
1226 3399 1229 3472 p

195 3473 254 3534 aaa
267 3491 420 3552 nonaquo
434 3470 530 3530 animo
543 3471 665 3531 aruum
678 3473 732 3532 nu
746 3473 793 3533 aa
807 3473 973 3534 debiturum
988 3473 1047 3534 erar.
1070 3449 1179 3534 Quadffl

195 3569 331 3631 beneficia
344 3567 463 3628 odimus.
505 3565 647 3626 Meruisse
666 3575 788 3628 mortem
808 3569 935 3628 confiteri
949 3569 1064 3647 ⁸pudet
1103 3551 1180 3644 ΒΠΡΘῨ
1229 3573 1230 3583 ’

196 3672 249 3739 est,
264 3673 297 3724 ut
311 3664 395 3725 malit
408 3662 502 3724 videri
515 3661 652 3740 injuriam
672 3663 821 3742 accepisse,
834 3666 920 3742 quam
939 3664 1036 3724 vitam
1075 3629 1176 3715 proinde

195 3759 278 3834 scito,
293 3760 349 3821 tibi
362 3779 428 3818 curn
441 3759 501 3820 illis
515 3758 550 3818 de
563 3757 656 3818 salute
670 3777 734 3818 esse
748 3759 940 3838 pugnandum
992 3757 1067 3820 Satis
1079 3735 1178 3810 hottium
1229 3754 1230 3763 ’

195 3861 334 3930 superest,
348 3855 386 3912 ad
398 3873 469 3932 quos
482 3853 691 3934 persequendos
705 3853 776 3916 ituri
791 3872 896 3913 sumus.
958 3853 1049 3914 Latus
1068 3837 1175 3906 adom&
