2520 4390
195 379 236 440 98
545 391 691 440 cursui
713 391 855 434 courir

195 535 255 594 init
275 531 415 602 'ovidium
437 531 526 610 quim
547 531 722 609 patientior:
757 532 795 566 '“
808 529 885 602 Quin
920 532 1014 610 igitur
1046 529 1221 590 ulciscimur

196 628 348 702 Graeciam,
377 634 407 686 et
434 627 501 686 urbi
528 628 605 686 feces
626 625 824 686 subdimusi”
882 627 991 689 Omnes
1028 626 1217 694 incaluerunt

195 741 282 784 mero.
325 723 431 801 Itaque
446 728 569 800 surgunt
582 721 735 780 temulenti
749 721 787 780 ed
812 722 1022 781 incendendam
1037 721 1163 795 urbem,
1178 719 1217 777 cci

196 819 298 878 crmcti
312 824 508 897 pepercerunt.
552 816 669 876 Primus
683 816 751 876 Rex
765 816 862 895 ignem
876 815 964 896 regiae
977 817 1096 893 injecit.
1148 817 1215 874 Tum

196 915 324 974 convivae
351 921 381 974 ct
415 911 551 985 ministri,
580 911 762 990 pellicesque.
818 911 916 970 Muto
949 911 1037 970 cedro
1068 911 1214 972 aedificctu

195 1017 260 1070 eret
273 1009 360 1087 regia,
374 1027 440 1086 quse
462 1006 594 1066 celeriter
615 1007 682 1085 igne
701 1013 839 1084 concepto
859 1006 920 1066 lete
940 1005 1020 1064 fudit
1033 1005 1212 1064 incendium

196 1101 282 1173 Quod
296 1103 347 1162 ubi
369 1101 523 1175 exercitus,
538 1099 589 1180 qui
610 1101 688 1160 haud
708 1102 810 1178 procui
824 1101 860 1160 ab
874 1101 947 1160 urbe
959 1100 969 1130 ⁸
980 1101 1142 1175 tendebat,
1157 1119 1212 1158 ccu-

196 1197 300 1276 spexit,
316 1197 470 1256 fortuitum
485 1206 574 1270 retus,
590 1197 627 1254 ed
640 1215 724 1274 opem
744 1197 893 1256 ferendum
906 1196 1063 1255 concurrit.
1110 1197 1172 1257 Sed
1184 1203 1212 1253 ut

196 1293 233 1352 cd
247 1293 424 1354 vestibulum
444 1291 534 1372 regiae
547 1297 668 1351 ventum
682 1298 735 1366 est,
749 1291 851 1352 vident
866 1291 978 1370 Regem
1000 1291 1105 1368 ipsum
1121 1292 1211 1350 adhuc

196 1396 379 1470 aggerentem
402 1389 486 1448 iaces.
534 1386 652 1448 Omisst
677 1386 775 1466 igitur,
795 1405 883 1465 quem
905 1394 1109 1464 portcueraut,
1132 1389 1208 1465 uque,

196 1486 307 1546 aridam
320 1484 471 1544 materiem
486 1483 517 1542 in
530 1481 695 1540 incendium
705 1481 801 1558 jacere
812 1488 967 1558 coeperunt.

255 1584 301 1640 23.
324 1579 412 1638 Hunc
431 1576 542 1636 exitum
562 1575 666 1638 habuit
684 1575 763 1654 regie
784 1575 877 1635 totius
901 1574 1041 1650 Orientis,
1064 1576 1152 1635 unde
1173 1583 1210 1636 tot

195 1677 295 1750 gentes
305 1672 391 1730 curce
401 1673 470 1747 jure
482 1670 617 1747 petebant
629 1689 636 1730 :
650 1671 745 1748 petric
754 1675 799 1728 tot
812 1669 935 1748 Regum,
948 1667 1051 1728 unicus
1066 1671 1208 1749 quondam

196 1765 318 1826 ersom
330 1772 434 1838 terror,
447 1764 550 1824 molita
563 1764 774 1826 millenarium
787 1765 916 1840 classem,
930 1771 960 1823 et
978 1765 1141 1842 exercitus,
1156 1767 1210 1845 qui·

196 1859 251 1920 bus
265 1859 384 1936 Europa
402 1858 540 1918 iuundutc
553 1863 616 1934 est3
637 1859 839 1921 ’contcbulcto
852 1859 926 1919 muri
944 1859 1083 1936 molibus,
1108 1864 1209 1939 peries

196 1955 292 2033 sisque
303 1951 458 2029 montibus,
473 1953 504 2012 in
516 1971 639 2032 quorum
652 1972 755 2032 specus
766 1954 875 2014 fretum
894 1953 1056 2014 immissum
1069 1964 1129 2016 est
1171 1957 1210 2015 Ac

193 2069 231 2109 ue
244 2057 305 2110 tum
316 2049 404 2129 louge
416 2049 532 2128 quidem
545 2053 640 2124 aetate,
654 2067 720 2130 quoe
737 2049 883 2108 excidium
902 2051 965 2126 ejus
978 2057 1082 2108 secute
1104 2059 1162 2128 est,
1175 2071 1210 2111 re

155 2144 158 2149 ’
194 2145 328 2208 surrexit.
369 2145 454 2206 Alias
467 2144 554 2208 urbes
566 2143 693 2205 habuere
707 2143 900 2204 Macedonum
920 2143 1026 2222 Reges,
1041 2164 1122 2222 quas
1142 2165 1210 2206 nunc

193 2243 301 2306 hebent
313 2241 437 2302 Parthi:
459 2241 478 2270 ¹⁰
488 2240 574 2319 hujus
588 2238 743 2318 vestigium
754 2257 812 2297 non
824 2237 1012 2313 inveniretur,
1025 2239 1085 2298 nisi
1097 2243 1209 2301 Araxes

194 2340 287 2398 omnis
299 2337 471 2400 ostenderet
533 2335 623 2396 Haud
643 2333 745 2412 procul
764 2333 905 2395 moenibus
917 2333 1059 2394 fluxerat:
1080 2333 1157 2396 iudi
1170 2357 1209 2395 ur·

194 2431 261 2493 bem
278 2432 368 2490 fuisse
390 2450 430 2488 xx
451 2431 554 2488 studiis
575 2429 731 2487 distantem
750 2427 871 2488 credunt
888 2427 989 2508 magis,
1003 2430 1096 2507 qudm
1119 2432 1210 2490 sciunt

195 2525 306 2584 cccolae.
347 2524 482 2583 Pudebat
496 2522 669 2582 Macedones
682 2529 743 2582 tum
755 2523 924 2602 praeclarcm
943 2522 1047 2585 urbem
1067 2543 1085 2582 c
1107 2543 1209 2586 comes

195 2617 325 2680 sabundo
339 2619 423 2697 Rege
437 2617 561 2678 deletum
574 2633 645 2678 esse.
687 2619 705 2646 ¹¹
716 2617 821 2698 Itaque
835 2637 881 2678 res
894 2618 925 2676 in
937 2617 1045 2680 serium
1058 2639 1150 2680 verse
1162 2628 1210 2694 oet,

194 2721 224 2776 et
237 2715 450 2795 imperaverunt
463 2711 528 2788 sibi,
541 2717 575 2772 ut
588 2710 738 2772 crederent
750 2713 802 2772 illo
815 2713 1000 2791 potissimum
1019 2713 1108 2772 modo
1122 2716 1212 2774 fuisse

195 2811 354 2874 delendum.
415 2807 527 2889 Ipsum,
548 2813 583 2867 ut
604 2806 728 2885 primum
747 2815 896 2888 greum
920 2807 1060 2869 ebrietate
1083 2819 1212 2870 mentem

195 2908 277 2986 quies
296 2907 433 2980 reddidit,
446 2902 615 2984 penituisse
628 2907 749 2978 constet,
763 2909 793 2963 et
812 2902 929 2978 dixisse,
943 2903 962 2932 ¹⁸
970 2904 1097 2980 mojores
1111 2925 1212 2981 poencs

196 3000 301 3060 Persas
314 3000 425 3062 Grecis
435 3001 554 3060 daturos
563 2997 663 3072 fuisse,
677 2997 703 3056 ci
716 2997 811 3075 ipsum
818 2997 850 3056 in
860 2997 941 3073 colio,
952 2996 1091 3076 regiaque
1100 2999 1212 3060 Xerxis

196 3092 361 3171 conspicere
375 3093 466 3152 coacci
480 3100 585 3154 essent.
626 3092 749 3168 Postero
762 3090 818 3168 die,
833 3091 932 3171 Lycio,
943 3091 1056 3151 itineris
1069 3111 1129 3170 quo
1145 3094 1212 3152 Per·

196 3186 289 3246 sidem
301 3186 460 3248 intraverat
473 3187 549 3262 duci,
563 3186 691 3266 trigenta
704 3184 816 3244 talentu
836 3184 909 3244 dono
930 3184 1018 3245 dedit
1080 3185 1163 3244 Hinc
1181 3188 1211 3244 in

196 3282 342 3364 regionem
356 3280 465 3342 Meciae
484 3281 614 3358 trcusiit,
627 3280 680 3344 ubi
693 3279 920 3359 supplementum
932 3297 1071 3341 novorum
1084 3281 1211 3340 militum

197 3399 213 3439 c
236 3375 341 3441 cilicie
365 3374 497 3436 occurrit.
557 3377 698 3436 Peditum
718 3382 800 3436 eruut
823 3375 948 3456 quinque
971 3375 1070 3449 millia,
1098 3376 1211 3454 equites

132 3455 136 3472 ⁹
196 3473 296 3534 mille:
316 3471 448 3549 utrisque
460 3469 549 3530 Pluto
562 3469 749 3530 Atheniensis
758 3477 890 3548 praeerct.
932 3469 990 3529 His
999 3469 1210 3548 copiissuctus,

197 3569 320 3630 Durium
328 3565 463 3646 persequi
477 3565 588 3625 statuit.

257 3663 352 3725 VIII.
374 3665 421 3724 24.
444 3660 525 3722 ¹Ille
542 3662 604 3739 jem
617 3659 768 3722 Ecbatcnc
787 3667 965 3738 pervenerat,
979 3666 1067 3738 ceput
1095 3658 1209 3719 Medic.

198 3757 308 3818 Urbem
319 3757 392 3818 huuc
405 3775 481 3817 uuuc
500 3761 600 3816 teuent
620 3753 741 3816 Perthi:
762 3773 852 3834 ecque
873 3755 976 3814 aeetiva
994 3754 1112 3833 regibus
1130 3753 1211 3812 sedes

200 3855 254 3910 eet.
294 3849 388 3910 Adire
401 3851 505 3912 demde
517 3849 627 3912 Bsctrc
640 3849 822 3910 decreverat:
844 3847 897 3908 sed
914 3849 1026 3910 veritus
1039 3866 1075 3911 ne
1095 3847 1210 3913 ’celeri-
