2622 4382
174 311 192 342 Ο

192 379 253 440 226
541 393 681 444 oururr
706 391 849 436 ourrrr

192 543 272 596 metu
285 533 383 594 territi
395 551 498 593 rursus
519 533 667 592 seditiosis
679 531 798 593 vooibus
818 531 931 610 Regem
950 531 1099 610 inerepare
1112 547 1188 608 osopo·

192 637 277 689 runt:
299 631 315 663 “
327 628 459 708 Gangem
482 647 603 703 amnem,
625 635 656 686 et
681 647 746 707 quse
771 627 851 686 ultra
877 633 984 702 essent,
1005 645 1064 686 nou
1089 631 1191 684 eoaotos

191 725 408 800 transmittere;
429 731 599 783 nontamen
612 724 720 798 finisse,
735 724 786 783 sed
804 726 934 782 muttsse
948 721 1076 783 bellum:
1095 719 1191 780 indom·

192 821 243 878 itis
258 819 393 899 gentibus
415 839 445 878 se
467 819 604 895 objeotos,
619 825 653 876 ut
667 817 807 896 sanguine
833 837 885 878 sno
909 817 1059 895 aperirent
1072 816 1099 876 ei
1114 813 1192 876 Ooea·

192 935 270 974 num.
313 913 404 973 Trahi
427 919 511 972 extra
525 912 621 972 sidera
634 919 665 970 et
687 911 794 986 Solem,
809 912 931 992 oogique
944 912 1036 987 adire,
1051 929 1115 990 qum
1127 927 1192 966 mor·

193 1011 296 1069 talium
318 1009 410 1068 oeulis
431 1015 538 1066 natura
559 1007 747 1076 subduxerit,
784 1007 804 1036 ¹⁶
814 1007 908 1068 Novis
931 1007 1094 1066 identidem
1116 1003 1193 1064 armis

193 1123 282 1164 novos
306 1103 405 1161 hostes
430 1102 562 1162 existere.
607 1099 688 1171 Quos
709 1107 745 1160 ut
769 1121 867 1161 omues
887 1101 1015 1162 tundam
1036 1102 1194 1178 ingensque,

193 1199 271 1278 quod
291 1197 443 1276 praemium
456 1198 536 1274 ipsos
550 1196 689 1254 manere?
708 1195 861 1275 oaligiuem
885 1215 919 1256 ao
942 1197 1087 1273 tenebras,
1100 1202 1130 1254 et
1141 1211 1194 1270 per·

193 1303 311 1373 petuam
333 1300 449 1353 nostem
475 1292 617 1370 profundo
639 1293 839 1368 incubantem
868 1293 1015 1370 repletum
1037 1289 1194 1352 immanium

194 1391 358 1452 belluarum
378 1388 514 1468 gregibus
527 1387 651 1463 fretum3
674 1387 835 1447 immobiles
850 1388 953 1462 undas,
969 1389 1001 1447 in
1014 1387 1119 1468 quibus
1131 1401 1196 1444 emo·

195 1483 555 1546 riensnaturadstieerit.”
591 1482 657 1542 Rex
670 1483 862 1560 nonsut,sed
872 1479 1196 1545 militumsollioitud'mo

196 1583 308 1655 auxius,
318 1580 454 1640 oonoione
464 1579 605 1639 advooatt
618 1579 712 1655 dooet,
726 1578 886 1638 “imbelles
900 1597 973 1655 esse,
984 1599 1058 1660 quor
1066 1579 1194 1637 metuant

197 1677 281 1736 Nihil
301 1675 406 1734 deindd
427 1681 535 1752 praeter
558 1674 611 1731 has
625 1680 728 1750 gentes
748 1673 874 1748 obstare,
888 1676 1044 1753 quominus
1065 1681 1198 1732 terrarum

196 1770 291 1849 spatia
304 1769 421 1844 emensi,
436 1769 475 1827 ad
488 1770 575 1828 finem
596 1769 684 1827 simul
697 1769 799 1827 mundi
810 1769 1002 1848 laborumque
1024 1769 1196 1848 perueniant:

196 1865 314 1924 oessisse
327 1863 387 1922 illis
401 1863 596 1923 metuentibus
611 1862 750 1943 Gangem,
764 1871 795 1922 ot
814 1864 1036 1926 multitudinem
1048 1864 1197 1932 nationum,

196 1979 261 2040 quae
274 1959 353 2018 ultra
366 1977 479 2017 amnem
498 1965 613 2034 esseut3
636 1959 798 2018 deelintsse
821 1959 877 2018 iter
897 1961 943 2034 ed,
957 1961 1012 2021 ubi
1033 1981 1085 2038 par
1106 1953 1198 2037 gloria,

196 2056 293 2116 miuus
306 2053 467 2133 perieulum
489 2060 574 2116 esset.
618 2053 717 2113 ¹⁸Jam
741 2055 905 2132 prospicere
919 2073 950 2114 se
963 2053 1129 2116 Ooeauum:
1145 2053 1198 2128 jam

197 2151 319 2231 perflare
340 2150 377 2210 ad
405 2149 483 2228 ipsos
506 2169 607 2209 auram
629 2149 734 2210 maris:
765 2169 802 2208 ne
826 2150 992 2210 inviderent
1015 2151 1071 2212 sibi
1093 2145 1198 2207 laudem

197 2267 284 2326 quam
297 2253 430 2324 peteret:
452 2244 590 2304 Heroulis
603 2252 634 2305 st
655 2245 758 2306 Liberi
772 2245 862 2322 patris
882 2246 1023 2306 terminos
1038 2243 1199 2304 transituros

197 2341 283 2402 illos:
306 2342 383 2419 Regi
397 2359 449 2400 suo
458 2360 547 2419 parvo
555 2341 701 2418 impendio
716 2340 965 2400 immortalitatem
975 2343 1062 2402 famae
1072 2340 1197 2410 daturos,
1289 2325 1290 2332 ¹

197 2443 364 2514 paterentur
378 2455 408 2494 se
422 2455 459 2494 ex
475 2435 563 2494 India
575 2435 680 2510 redire,
690 2456 748 2498 non
761 2437 891 2516 fugero.‘'

261 2533 303 2588 13.
328 2529 433 2590 Omnis
447 2529 613 2604 multitudo,
628 2538 659 2588 et
672 2531 798 2590 maximis
811 2532 958 2606 militaris,
972 2533 1076 2594 mobili
1096 2531 1198 2606 impetu

196 2623 299 2683 fertur.
342 2623 392 2682 Ita
413 2623 564 2682 seditionis
584 2643 643 2682 non
664 2625 799 2700 remedia,
814 2626 902 2704 quim
926 2627 1078 2706 prineipia,
1098 2624 1199 2699 majore

197 2726 275 2780 sunt.
318 2719 347 2779 N
349 2739 386 2778 on
406 2717 481 2777 aliis
501 2725 561 2776 tam
575 2718 670 2778 alaoer
690 2719 799 2779 elamor
812 2721 849 2781 ab
863 2722 995 2781 exercitu
1009 2731 1055 2783 est
1067 2717 1198 2786 redditus,

203 2815 368 2894 jubentium
392 2814 512 2872 duoeret
539 2813 606 2872 Diis
633 2812 777 2888 secundis,
802 2821 833 2874 et
859 2824 989 2894 aequaret
1016 2816 1108 2896 gioria
1132 2823 1199 2889 quot

196 2911 391 2970 aemularetur.
434 2910 536 2970 Laetus
558 2909 604 2969 bis
626 2909 882 2971 aoelamatiouibus
896 2911 933 2970 ad
956 2912 1056 2972 hostes
1076 2906 1198 2989 protinus

197 3012 294 3063 eastra
307 3007 405 3064 movit
449 3005 648 3066 Validissimae
670 3005 811 3066 Indorum
825 3013 927 3086 gentes
941 3016 1033 3084 erant,
1048 3014 1077 3068 et
1098 2999 1197 3064 tellum

196 3099 319 3177 impigri
334 3099 487 3176 parabant,
503 3101 662 3180 duoemque
683 3119 720 3160 ex
732 3101 849 3162 natione
865 3101 1087 3181 Oxydraoarum
1103 3099 1197 3172 ¹⁷⁵p00·

196 3199 267 3252 tatae
280 3191 398 3252 virtutis
413 3195 570 3274 elegeraut,
580 3198 630 3276 qui
645 3197 700 3257 sub
711 3197 858 3257 radicibus
871 3198 978 3257 montis
992 3187 1197 3272 assumpserit

196 3289 312 3368 lateque
339 3288 430 3368 ignes,
454 3295 489 3348 ut
516 3292 642 3367 speeiem
669 3293 870 3352 multitudinis
906 3301 1034 3371 augeret,
1059 3282 1195 3354 ostendii?

196 3385 319 3444 elamore
339 3402 452 3463 quoque
467 3403 501 3442 ao
519 3385 566 3442 sui
580 3385 669 3445 moris
683 3387 799 3446 ululatu
813 3388 972 3448 identidem
995 3383 1197 3468 aequiesoentes

197 3479 370 3541 Macedones
402 3479 513 3538 frustra
547 3486 655 3538 terrere
682 3488 811 3540 oonatus.
868 3481 938 3543 Jam
965 3482 1018 3542 lux
1044 3471 1196 3558 appetebat

195 3577 264 3635 edm
279 3576 347 3636 Rex
358 3575 472 3634 fiduoiaa
492 3593 525 3633 ao
539 3574 601 3651 spei
621 3575 734 3652 plenus,
748 3576 857 3634 alacres
870 3577 980 3638 milites
994 3595 1072 3638 arma
1094 3580 1196 3646 erpere,

195 3679 226 3728 et
248 3671 327 3732 exire
351 3671 382 3730 in
403 3671 495 3730 aoiem
516 3670 609 3747 jubet.
653 3670 712 3731 Sed
736 3678 852 3730 metune
876 3691 914 3732 an
938 3673 1078 3733 seditione
1100 3657 1196 3724 oborti

195 3765 270 3823 iuter
285 3766 372 3841 ipsos,
388 3765 487 3828 subitd
507 3763 699 3845 profugerunt
714 3765 848 3828 Barbari.
892 3765 980 3828 (lorti
994 3765 1073 3828 avios
1092 3759 1196 3819 monii*
