2600 4394
206 355 247 416 at
559 371 698 420 ouunun
727 370 864 410 suurn

205 508 296 570 donet
337 506 397 572 seo
409 507 475 587 quis
495 513 547 568 aut
569 507 600 568 in
613 507 736 570 nietorit
755 513 806 568 aut
825 505 856 566 in
875 505 945 585 fuge
958 505 1054 584 eopies
1066 506 1222 568 numeret?

204 603 380 684 Agebantur
398 622 467 684 ergo
479 623 498 662 a
511 609 573 662 tam
590 603 689 682 puuois
709 620 843 681 pedonum
861 600 963 678 modo,
985 608 1016 662 et
1029 601 1106 660 idem
1124 609 1220 662 metus

204 697 255 776 qui
268 697 386 777 oogebst
398 698 509 776 fugere,
522 697 668 777 fugientes
681 697 855 760 morabatur.

265 796 312 854 28.
333 792 378 852 At
392 791 550 878 Groeoiflui
562 792 593 852 iu
606 792 691 854 Darii
702 792 834 870 pertibus
853 796 993 852 steterant
1006 789 1136 868 Amputt
1149 791 1231 855 duee.

206 885 328 964 (praetor
346 886 395 948 hio
408 887 570 948 Alexandri
584 887 651 963 fuit,
663 905 738 946 nuno
757 886 919 965 transfuga)
934 884 1052 962 abrupti
1065 905 1083 944 a
1096 887 1220 962 eaeteris,

207 981 312 1040 ”houd
338 982 406 1042 saud
432 982 613 1060 fugientibus
638 982 746 1042 similes
772 987 929 1044 eraserunt
985 979 1111 1042 Barbari
1132 981 1220 1061 longe

205 1075 349 1136 diversam
361 1076 460 1156 fugam
472 1075 677 1138 intenderunt:
698 1076 820 1166 elii,quet
832 1082 943 1136 neotum
956 1075 1012 1136 iter
1025 1075 1057 1134 iu
1069 1076 1221 1136 Persidem

206 1169 353 1274 duoebatp
368 1171 485 1250 quidam
507 1172 629 1232 oirouitu
649 1191 745 1250 rupes,
767 1172 912 1251 saltusque
931 1170 1072 1230 montium
1092 1171 1221 1232 oooultos

203 1265 343 1344 petivere,
369 1265 454 1344 penei
479 1272 574 1326 eastre
600 1267 692 1328 Darii
745 1265 804 1328 Sed
827 1268 889 1343 jem
914 1265 967 1325 illu
988 1285 1099 1346 quoque
1128 1266 1222 1330 vietor

205 1360 374 1436 intraverat,
389 1363 466 1422 omni
485 1363 602 1442 quidem
623 1362 769 1440 opulentit
788 1361 870 1422 ditia
911 1361 1019 1440 Ingens
1038 1361 1102 1420 euri
1122 1379 1221 1442 angen·

205 1455 286 1535 tique
306 1455 427 1534 pondus,
448 1477 506 1518 non
526 1458 605 1534 belli,
627 1458 679 1518 sed
700 1457 826 1518 luxuries
848 1463 1018 1535 apparatum
1041 1455 1222 1534 diripuerant
1284 1457 1285 1480 l

204 1551 322 1612 milites.
365 1549 498 1631 Oitnuquo
520 1553 588 1632 plus
613 1559 758 1631 raperent,
771 1552 881 1630 passim
900 1557 994 1611 strete
1013 1558 1095 1612 erent
1113 1551 1222 1612 itinero
1284 1593 1285 1600 κ

205 1645 356 1708 vilioribus
382 1648 511 1722 saroinis,
534 1667 607 1726 ques
632 1648 664 1708 iu
689 1647 901 1725 temperatione
921 1646 1072 1706 meliorum
1097 1647 1222 1708 avaritie

205 1747 422 1820 oontempsorst.
443 1790 446 1799 .
465 1743 592 1821 Jamque
614 1742 653 1802 sd
674 1741 808 1802 foeminas
826 1748 995 1820 perventum
1014 1747 1086 1818 eret,
1105 1742 1221 1822 quibus,

203 1838 260 1916 qud
285 1837 396 1896 oariora
421 1843 589 1896 ornaments
621 1843 698 1913 sunt,
724 1835 882 1897 violentiis
912 1836 1152 1914 detrshebsntnr3
1183 1855 1222 1898 ue
1281 1788 1286 1914 l

204 1931 372 2010 eorporibus
397 1931 513 2011 quidem
537 1933 594 2008 vis,
620 1951 654 1992 oo
674 1931 767 1993 libido
788 1932 932 2010 pereebst.
975 1931 1082 1994 Omnis
1101 1931 1223 2010 planetu
1285 1927 1286 1950 ¹

205 2027 399 2106 tumultuque,
412 2034 498 2105 prout
511 2027 612 2107 ouique
625 2028 742 2088 fortuna
754 2034 828 2102 eret,
849 2025 1047 2106 repleverant:
1068 2028 1147 2087 ”neo
1159 2027 1224 2088 ulla

204 2121 293 2182 fnoies
305 2123 376 2184 mali
398 2122 512 2200 deerot3
533 2124 602 2184 otim
612 2141 666 2198 per
679 2142 777 2185 omnes
796 2123 911 2184 ordines
934 2128 1090 2201 oetatesque
1102 2122 1223 2184 vioteris
1285 2151 1286 2154 ¹

204 2217 362 2280 erudelitas
389 2237 423 2280 ao
448 2219 566 2280 lieentia
598 2226 760 2300 regeretur.
813 2219 927 2279 ⁸¹luno
951 2219 1021 2280 vert
1054 2217 1223 2296 impotentis

203 2313 328 2376 fortunae
341 2315 452 2394 speeies
474 2314 601 2394 oonspioi
624 2315 812 2394 potuit,otlm
824 2315 856 2392 ii,
869 2314 921 2394 qui
943 2317 1006 2374 tum
1024 2311 1115 2375 Dario
1127 2312 1222 2372 taber-
1285 2319 1287 2374 t

204 2409 341 2468 naculum
364 2417 583 2484 exornaverunt,
610 2410 687 2468 omni
713 2411 786 2470 luxu
811 2416 841 2468 et
867 2408 1014 2486 opulentis
1039 2408 1223 2484 instruetum,

204 2500 304 2560 eodem
313 2501 367 2560 ills
379 2502 556 2576 Alexandro,
569 2503 654 2580 qussi
666 2503 758 2562 veteri
772 2501 897 2576 domiuo,
911 2502 1103 2564 mservnbnnt
1116 2579 1118 2584 Ι
1133 2502 1163 2564 N
1164 2523 1228 2582 am·¹

204 2613 261 2673 que
273 2594 306 2653 id
318 2594 413 2654 solum
432 2597 574 2656 intaotum
586 2595 741 2654 omiserunt
759 2593 886 2672 milites3
906 2595 952 2654 ita
964 2595 1072 2656 tradito
1085 2616 1174 2675 more,
1187 2605 1225 2657 ut

205 2690 346 2752 vietorem
358 2690 433 2752 vieti
445 2690 541 2771 Regis
552 2690 735 2751 tubernaeulo
748 2691 917 2769 exeiperent.

266 2790 313 2849 29.
335 2785 395 2850 Sed
414 2785 542 2848 omnium
561 2785 660 2846 oeulos
679 2786 844 2866 animosque
856 2787 888 2846 in
902 2795 993 2848 semet
1011 2795 1225 2865 eonventerant,

206 2883 321 2960 ooptiva
332 2888 427 2944 mater
437 2883 597 2962 oonjnxque
606 2881 698 2943 Darii.
740 2881 807 2958 Ille,
820 2902 877 2942 non
889 2869 1041 2960 majestate
1055 2884 1158 2960 solnm,
1170 2885 1226 2944 sed

206 2977 296 3038 etiem
316 2984 402 3040 aetste
414 2978 606 3057 venerabili13
627 2977 698 3054 hmo,
719 2979 740 3008 ²²
751 2979 852 3040 formes
873 2979 1097 3058 pulchritudine,
1110 2999 1148 3039 ne
1167 2980 1226 3046 ills

205 3073 323 3152 quidem
343 3079 420 3134 sorte
444 3077 588 3152 oomptt
629 3075 789 3154 Aeoeperat
809 3075 841 3136 in
861 3076 957 3136 sinum
976 3076 1076 3151 tilium,
1096 3075 1226 3136 noudum

207 3176 322 3230 sextum
335 3169 431 3231 eetstis
450 3189 557 3230 anuum
575 3189 730 3251 egressum,
743 3171 776 3232 in
795 3189 875 3251 mem
888 3177 978 3231 tantm
990 3171 1122 3247 fortunae,
1131 3189 1226 3250 quan·

208 3270 270 3324 tum
282 3264 368 3343 pauld
381 3267 450 3326 autb
463 3272 547 3344 peter
569 3268 634 3343 ejus
654 3267 800 3344 emiserat,
820 3266 957 3348 genitum.
998 3267 1042 3326 At
1060 3267 1092 3326 in
1111 3266 1226 3347 gremio

207 3364 282 3422 auus
307 3360 382 3422 nviae
398 3361 533 3438 jsoebsut
558 3361 668 3424 sdultes
694 3363 819 3446 virgines
844 3364 919 3439 duae,
942 3381 1001 3422 nou
1026 3379 1077 3422 suo
1097 3364 1225 3437 tuntum,

208 3455 260 3516 sed
273 3455 353 3518 illius
366 3456 455 3519 etium
467 3475 590 3518 moerore
601 3457 746 3520 oonfeotm
797 3457 905 3538 Ingens
918 3457 994 3518 eiroa
1007 3477 1071 3516 eam
1082 3456 1225 3517 nobilium

207 3551 389 3614 feminarum
402 3551 488 3614 turba
511 3551 693 3629 oonstiterst,
714 3555 736 3584 ¹⁸
746 3553 880 3629 laseratis
893 3553 1029 3629 minibus,
1042 3553 1226 3630 sbsoisstque

208 3655 298 3724 veste,
330 3648 450 3730 pristini
482 3647 593 3709 deooris
631 3647 820 3724 immemores,
854 3649 994 3730 Reginus,
1029 3647 1224 3726 dominusque,

209 3741 320 3803 ’‘verm
342 3743 495 3824 quondam,
522 3750 592 3804 tuno
614 3743 718 3803 olienis
739 3743 902 3804 nominibus
930 3745 1106 3805 invocantes.
1158 3741 1226 3802 Illae

209 3855 272 3900 suae
294 3837 470 3902 emunitatis
490 3839 598 3916 oblite,
611 3845 680 3900 utto
699 3857 788 3900 oomu
806 3838 914 3900 Derim
933 3840 1150 3919 stetissetque)
1169 3837 1226 3908 for·
