2520 4390
293 343 415 386 crasa
443 345 518 386 vu.
550 347 635 388 car.
666 347 720 388 ru.
957 331 1013 392 ibt

65 483 133 558 entia,
153 482 302 543 mederetur.
347 483 392 544 Ut
415 485 567 544 audientes
589 487 778 565 suspenderat
795 487 1013 564 exspectatione

64 580 151 656 ritum
163 579 294 638 consilium
308 581 410 658 aperit,
434 581 539 640 utilius
562 581 656 642 Besso
679 585 766 662 qud-m
786 583 904 662 gratius.
947 583 1012 644 “Iu

64 674 183 748 estibulo‚”
203 675 296 754 inquit,
321 679 337 708 ‘¹
349 676 438 753 regiae
460 681 521 758 tuae
542 677 761 736 'velocissimus
781 678 914 737 constitit
934 677 1009 738 Rex.

64 769 108 827 nte
120 770 178 828 ⁶ille
189 787 286 849 agmen,
302 771 391 849 queim
404 777 438 828 tu
452 789 581 830 mensam
595 772 683 830 istam
696 773 832 832 movebis.
876 773 961 832 Nunc
974 773 1011 834 ab

64 873 117 922 anal
130 866 266 924 exercitum
279 885 418 941 accerses,
434 875 465 925 et
480 868 568 926 armis
588 868 708 926 flumina
722 887 868 946 oppones:
891 869 1010 944 scilicet,

64 962 85 1016 ul
106 967 132 1018 ιι
152 961 284 1040 fugiturus
308 979 347 1036 es,
371 961 466 1021 hostis
489 963 570 1042 sequi
594 982 652 1022 non
676 964 797 1040 potest?
818 964 876 1022 iter
895 964 1012 1043 utrique

64 1075 159 1115 mmune
177 1065 231 1130 est;
252 1057 355 1116 victori
377 1058 480 1116 tutius.
524 1057 610 1116 Licet
630 1067 780 1117 strenuum
802 1066 911 1118 metum
925 1067 1012 1137 putes

64 1171 98 1227 re;
118 1151 228 1211 velocior
241 1160 337 1211 tamen
351 1173 416 1230 spes
430 1159 482 1211 est.
525 1153 625 1224 'Quin
644 1153 796 1214 validioris
816 1173 937 1232 occupas
951 1175 1010 1234 gra·

64 1269 103 1321 m,
117 1247 241 1326 dedisque
262 1255 310 1323 te;
332 1255 490 1326 utcumque
517 1249 647 1322 cesserit,
676 1249 826 1308 meliorem
853 1251 1011 1324 fortunam,

64 1343 137 1417 litus,
159 1345 238 1421 qudm
261 1341 364 1416 hostis,
386 1342 565 1400 habiturus?
605 1343 743 1402 Alienum
768 1345 858 1404 habes
880 1365 1012 1423 regnum,

64 1441 92 1496 ιό
111 1438 218 1496 facilida
241 1457 273 1496 eo
301 1457 406 1496 careas.
450 1437 577 1514 Incipias
600 1439 723 1496 forsitan
742 1441 840 1516 justus
865 1459 928 1498 esse
951 1459 1012 1514 rex,

64 1553 83 1589 n
96 1533 153 1610 ipse
165 1531 288 1606 'fecerit
303 1532 354 1611 qui
368 1532 423 1592 tibi
438 1539 468 1591 et
483 1533 553 1591 dare
573 1539 672 1610 potest
691 1553 823 1611 regnum,
837 1541 868 1592 et
891 1536 1011 1612 eripere.

64 1627 168 1684 usilium
180 1627 266 1686 habes
279 1627 372 1701 fidele,
389 1627 408 1656 ¹⁰
418 1627 497 1706 quod
509 1627 621 1686 diutids
636 1628 757 1707 exsequi
771 1647 1013 1706 supervacaneum

103 1721 212 1782 Nobilis
226 1741 315 1801 equus
330 1722 435 1782 umbre
448 1741 562 1802 quoque
576 1723 667 1801 virgae
680 1723 811 1802 regitur;
833 1723 956 1802 ignavus
976 1743 1013 1782 ne

64 1819 109 1876 ari
122 1818 233 1896 quidem
247 1818 385 1878 concitari
399 1819 526 1896 potest''
567 1817 687 1893 Bessus,
702 1825 732 1877 et
745 1819 861 1898 ingenio
876 1827 906 1878 et
920 1819 1013 1878 multo

66 1935 81 1972 ο
95 1915 182 1988 ferox,
198 1914 267 1973 aded
282 1915 401 1989 exarsit,
416 1914 516 1974 utrix
530 1914 566 1973 ab
581 1913 691 1988 amicis,
702 1915 856 1994 quominus
868 1913 1014 1974 occideret

64 2010 158 2085 1(nam
178 2009 333 2068 strinxerat
353 2029 468 2088 quoquc
488 2009 656 2087 acinacem),
678 2009 883 2068 contineretur.
926 2009 1013 2070 (lette

64 2105 132 2163 rivio
158 2104 301 2181 prosiluit,
329 2105 551 2183 haudquaquam
584 2113 687 2180 potens
714 2104 831 2162 mentis.
888 2103 1015 2166 Gobares

64 2221 77 2256 r
91 2198 247 2256 tumultum
262 2199 386 2275 elapsus,
402 2199 439 2256 ad
454 2197 658 2256 Alexandrum
672 2197 840 2275 transfugit.

64 2298 106 2352 15.
133 2292 209 2354 Octo
232 2291 326 2351 millia
353 2293 578 2352 Bactrianorum
601 2291 728 2352 habebat
756 2298 868 2350 armata
894 2291 1015 2368 Bessus,

65 2437 67 2454 ‚
83 2388 227 2468 quamdiu
241 2395 360 2466 propter
375 2387 441 2446 coeli
455 2387 658 2464 intemperiem
672 2385 790 2447 Indiam
803 2387 905 2466 potius
921 2387 1015 2448 Mace·

65 2506 84 2543 ‚s
114 2485 263 2563 petituros
293 2484 487 2559 crediderant,
513 2483 684 2542 obedienter
707 2483 850 2560 imperata
877 2484 1015 2544 fecerunt.

65 2602 156 2660 quam
189 2581 346 2640 adventare
375 2579 578 2639 Alexandrum
606 2587 784 2658 compertum
809 2587 863 2656 est,
892 2581 922 2638 iu
947 2599 1015 2640 suos

65 2697 114 2755 que
128 2677 211 2736 vicos
227 2677 343 2755 dilapsi,
358 2661 485 2735 Bessum
501 2675 690 2754 reliquerunt.
713 2675 771 2766 ille
785 2695 850 2734 cum
865 2675 1014 2734 clientium

65 2795 81 2848 ι,
98 2773 151 2851 qui
166 2791 227 2830 non
240 2779 427 2832 mutaverant
439 2771 536 2845 fidem,
553 2770 619 2831 Oxo
634 2791 718 2828 amne
733 2777 879 2847 superato,
894 2771 1015 2829 exustis-

65 2867 208 2943 uavigiis,
233 2867 342 2946 quibus
364 2868 531 2940 transierat,
557 2885 594 2924 ne
621 2865 725 2924 iisdem
752 2863 847 2922 hostis
874 2873 1017 2940 uteretur,

65 2983 72 3020 s
90 2962 196 3037 copias
211 2961 243 3018 in
260 2962 413 3038 Sogdianis
427 2961 626 3020 contrahebat.
670 2957 840 3018 Alexander
856 2957 1016 3022 Caucasum

65 3079 101 3114 em
120 3056 172 3132 (ιιι
187 3055 406 3134 supradictum
421 3059 477 3135 est)
492 3055 667 3114 transierat:
689 3053 740 3112 sed
761 3055 859 3133 inopis
878 3058 1017 3118 frumenti

65 3181 67 3205 ι
94 3153 136 3210 ad
164 3151 282 3210 famem
305 3158 425 3210 ventum
449 3159 520 3209 erat.
564 3149 656 3210 Succo
678 3169 715 3209 ex
737 3153 849 3209 sesama
871 3173 1017 3232 expresso,

69 3251 167 3308 secde
192 3249 288 3327 quum
309 3245 384 3321 oleo,
400 3254 481 3304 artus
501 3245 708 3324 perungebant.
753 3245 811 3306 Sed
831 3247 919 3326 hujus
940 3247 1018 3307 succi

65 3345 100 3402 ris
114 3343 327 3424 quadragenis
342 3341 471 3402 denariis
485 3341 631 3420 amphorae
651 3341 792 3422 singulae;
814 3343 911 3404 mellis
933 3343 1018 3400 dena·

68 3441 200 3498 recenis
224 3439 395 3519 nonagenis,
419 3437 545 3497 trecenis
566 3437 629 3498 vini
653 3439 893 3512 aestimabantur;
926 3434 1019 3493 tritici

82 3543 146 3594 aut
174 3535 344 3595 admodum
369 3533 506 3613 exiguum
528 3533 737 3612 reperiebatur.
782 3532 866 3591 Siros
879 3528 1020 3588 vocabant

65 3633 115 3708 tri,
141 3650 230 3710 quos
246 3631 292 3688 ita
306 3631 428 3690 solerter
449 3629 639 3704 abscondunt,
654 3635 689 3687 ut
702 3626 761 3685 nisi
773 3625 824 3704 qui
838 3622 1020 3700 defoderunt,

68 3747 106 3786 re
137 3747 207 3785 non
235 3727 357 3804 possint.
401 3727 437 3785 In
459 3727 496 3784 iis
513 3725 637 3784 conditae
658 3723 756 3799 fruges
770 3725 861 3776 erant.
904 3715 940 3776 In
954 3737 1021 3798 qua·

66 3823 208 3880 remurict
235 3819 348 3880 milites
368 3820 503 3880 fluviatili
524 3821 603 3896 pisce
626 3825 655 3875 et
676 3813 774 3873 herbis
796 3811 1019 3874 sustinebantur.

126 3920 168 3972 7*
