2642 4386
413 359 536 400 ursan
558 357 648 400 vm.
678 357 762 398 ear.
791 357 882 398 rrrrr.
1094 337 1155 400 20?

139 499 214 561 nibil
233 495 326 576 magis
346 499 434 578 quim
447 499 553 558 famam
567 497 671 558 timere
694 497 833 576 perddiae.
877 495 980 556 Laetus
1000 489 1155 575 ’simpliei-

139 603 203 656 tate
218 595 347 654 Barbari
361 595 428 653 Rex
441 599 471 652 et
493 593 629 653 dextram
643 593 711 652 fidei
733 611 793 652 suae
806 593 912 672 pignus
937 593 1028 668 dedit,
1044 599 1073 651 et
1091 611 1155 672 reg·

140 689 363 751 numrestituit.
406 689 624 768 Quinquaginta
647 707 698 748 sex
722 688 870 767 elephanti
895 693 987 763 erant,
1002 705 1075 768 ques
1097 695 1155 747 tra·

142 785 221 844 didit
257 785 434 862 Alexandro,
459 783 612 864 multaque
645 803 750 862 peeore
785 784 901 843 eximiae
939 783 1155 861 magnitudinis.

143 881 285 940 ¹⁹'l'unras
309 880 347 939 ad
368 879 426 939 tria
449 879 550 954 millia,
564 879 724 957 pretiosum
749 881 785 938 et
808 878 936 958 regione,
951 885 1158 958 aeeeptumqne

143 975 246 1034 animis
268 975 450 1054 regnantium
469 983 636 1034 armentum.
693 973 845 1044 Quaerenti
865 973 1044 1050 Alexandro,
1058 973 1157 1052 plures

141 1071 330 1148 agricultores
351 1071 480 1144 baberet,
501 1089 538 1128 an
552 1070 685 1128 milites?
707 1073 724 1105 “
734 1089 800 1128 eum
814 1070 928 1130 duobus
952 1069 1087 1148 Regibus
1099 1067 1159 1129 bel·

142 1164 215 1224 lauti
238 1166 305 1240 sibi,
319 1167 430 1241 majore
444 1165 573 1222 militum
590 1185 677 1243 quam
690 1165 849 1242 agrestium
867 1185 956 1222 mann
976 1183 1049 1242 opus
1063 1163 1156 1238 esse,”

141 1260 299 1338 respondit.
342 1259 483 1318 Abisares
508 1265 538 1317 et
562 1257 657 1316 Perus
679 1266 770 1332 erant,
792 1258 844 1317 aed
863 1259 894 1316 in
914 1259 993 1318 Poro
1013 1259 1160 1318 eminebat

142 1355 311 1414 auotoritas.
365 1353 496 1432 Uterque
519 1353 601 1410 ultra
622 1352 786 1430 Hydaspen
809 1371 921 1411 amnem
944 1353 1101 1430 regnabat,
1131 1359 1162 1410 et

142 1449 216 1509 belli
228 1449 384 1522 fortunam,
398 1447 531 1526 quisquis
546 1467 625 1506 arma
639 1448 771 1522 inferret,
786 1447 915 1525 experiri
930 1448 1106 1507 deereverat.

207 1545 254 1601 41.
278 1541 410 1620 Omphis,
432 1543 620 1621 permittente
646 1541 829 1618 Alexandro,
852 1549 883 1602 et
908 1543 1022 1621 regium
1049 1543 1162 1622 insigne

145 1638 278 1716 sumpsit,
293 1644 325 1697 et
336 1658 416 1698 more
429 1639 526 1717 gentis
541 1657 610 1714 snae,
625 1657 730 1698 nomen
742 1638 822 1718 qnod
835 1639 929 1717 patris
941 1639 1049 1698 fueret
1086 1638 1160 1698 Iax-

145 1732 215 1792 llem
236 1733 418 1812 appellavere
439 1735 604 1813 populares,
626 1735 795 1814 ”sequente
817 1735 932 1795 nomine
954 1735 1116 1814 imperium,
1131 1735 1162 1793 in

145 1849 354 1910 quemeumque
378 1831 527 1890 transiret.
571 1829 652 1910 Ilrgd
671 1835 736 1889 edm
753 1831 950 1909 pertriduum
973 1831 1161 1909 hospitaliter

148 1925 350 1984 Alexandrum
377 1927 544 2004 aenepirset,
572 1934 679 2005 quarto
707 1926 764 2000 die,
793 1933 824 1985 et
850 1935 996 2006 quantum
1021 1926 1163 1986 frumenti

146 2021 245 2098 sepiis,
259 2039 332 2099 quas
355 2021 548 2098 Hephaestion
562 2020 693 2094 duxerat,
707 2021 896 2098 praebitnms
916 2041 948 2080 se
966 2028 1053 2096 esset,
1068 2027 1162 2080 osten·

147 2115 213 2172 dit:
234 2121 264 2172 et
284 2133 387 2173 aureas
409 2134 529 2174 coronas
552 2115 619 2192 ipsi,
634 2115 791 2194 amicisque
814 2115 957 2188 omuibus,
971 2123 1078 2192 praeter
1100 2116 1163 2174 haee

148 2208 255 2288 signati
268 2209 383 2286 argenti
395 2209 542 2286 octoginta
556 2209 668 2268 talenta
681 2209 756 2268 dono
771 2209 862 2267 dedit
900 2207 969 2278 Qua
983 2208 1163 2288 benignitate

148 2306 213 2380 ejus
227 2303 397 2363 Alexander
410 2304 481 2362 mire
496 2303 591 2378 laetus,
606 2311 637 2361 et
649 2323 716 2383 qnae
729 2303 754 2362 is
769 2303 891 2362 dederat
902 2303 1025 2379 remisit,
1040 2309 1070 2362 et
1082 2303 1165 2362 mille

148 2399 260 2458 talenta
283 2417 320 2457 ex
343 2399 453 2477 praede,
473 2418 561 2478 quam
584 2399 717 2473 vehebat,
740 2398 868 2476 adjecit:
896 2383 1047 2478 multaque
1068 2398 1177 2459 eorrvi·¹

148 2495 225 2555 valia
248 2515 285 2554 ex
300 2513 371 2553 auro
397 2502 428 2552 et
440 2501 562 2574 argento
581 2514 658 2569 vase,
674 2494 831 2572 plurimum
855 2495 984 2555 Persice
997 2495 1097 2570 vestis,
1113 2494 1163 2553 tri·

120 2653 126 2670 ⁸
148 2589 231 2667 ginta
252 2609 342 2670 equos
362 2610 399 2650 ex
424 2591 493 2665 suis,
509 2610 574 2650 eum
597 2591 702 2649 iisdem
716 2591 736 2620 ¹²
744 2591 908 2668 insignibus
925 2591 1008 2671 queis
1033 2609 1164 2650 assuere·

148 2692 222 2759 rant,
243 2687 312 2744 edm
333 2685 429 2764 ipsum
442 2686 590 2746 veherent.
634 2685 710 2756 Quae
724 2686 896 2760 liberalitas,
911 2687 987 2744 sieut
1001 2685 1164 2745 Barbarum

149 2780 353 2857 adstrinxerat,
367 2787 410 2840 ita
423 2781 530 2840 amieos
544 2781 637 2858 ipsius
651 2781 837 2840 vehementer
851 2779 979 2838 offendit
1016 2779 1044 2838 hl
1058 2779 1165 2859 quibus

152 2874 300 2950 Meleager
313 2893 399 2951 super
413 2895 524 2934 emnam
545 2875 670 2952 largiore
683 2875 752 2935 vino
772 2893 853 2949 usus,
869 2874 1011 2953 gratulari
1029 2893 1060 2934 se
1074 2873 1163 2934 Alex·

150 2968 241 3028 andro
256 2968 340 3042 dixit,
355 2969 433 3046 qudd
448 2969 552 3027 saltem
576 2970 608 3028 in
622 2970 711 3028 Indiai
724 2970 882 3047 reperisset
906 2968 1026 3048 dignum
1045 2970 1164 3031 talentis

149 3061 239 3124 mille.
282 3064 349 3124 Rex
372 3063 452 3121 haud
475 3063 582 3123 oblitus
606 3066 696 3143 qnam
719 3063 797 3143 aegrd
813 3065 938 3141 tulisset,
953 3066 1032 3146 qudd
1054 3065 1165 3128 Glitnm

151 3161 189 3220 ob
210 3161 319 3238 liuguae
345 3159 543 3219 temeritatem
567 3159 730 3234 oecidIsset,
753 3161 828 3219 iram
852 3161 970 3240 quidem
994 3164 1098 3241 tenuit,
1112 3163 1165 3222 sed

151 3256 236 3330 dixit,
258 3257 408 3317 “Invidus
428 3256 561 3316 hemines
584 3247 761 3316 nibil'aliud
774 3277 860 3337 quam
880 3259 1009 3338 ipsorum
1030 3277 1095 3318 esse
1108 3265 1165 3316 tor·

151 3353 276 3411 menta”

211 3447 307 3506 XIII.
330 3451 377 3507 42.
407 3449 529 3510 Postero
556 3449 613 3524 die,
637 3449 727 3529 legati
751 3449 887 3511 Abisarae
912 3450 1012 3510 adiere
1036 3447 1164 3522 Regem:

150 3543 247 3603 omnia
268 3543 373 3602 ditioni
393 3547 467 3622 ejus,
481 3545 525 3604 ita
537 3552 572 3604 ut
592 3546 761 3604 mandatum
784 3553 857 3621 erat,
872 3541 1099 3624 permittebant,
1120 3541 1165 3600 fir·

151 3643 288 3720 metaque
301 3640 425 3700 invicem
438 3641 495 3700 lide
509 3642 699 3702 remittuntur
712 3642 751 3702 ad
765 3642 885 3720 Regem.
928 3639 1039 3696 Porum
1052 3653 1166 3715 qnoque

154 3723 278 3795 nominis
292 3737 338 3794 sui
351 3736 430 3794 famei
444 3743 525 3795 ratus
539 3738 577 3796 ad
591 3738 769 3797 deditionem
782 3753 867 3814 posse
882 3731 1023 3810 compelli,
1034 3732 1115 3791 misit
1129 3733 1167 3792 ad

156 3849 220 3890 sum
236 3829 430 3906 Oleeeharem,
445 3833 496 3910 qni
516 3833 704 3892 denuntiaret
717 3833 754 3904 ei,
768 3838 803 3888 ut
823 3827 999 3906 stipendium
1016 3828 1166 3907 penderet,
