2520 4390
154 301 210 362 lea
502 315 649 364 curura
675 314 819 361 caeru

150 463 335 530 momentum,
349 453 471 533 pavidos
495 454 526 514 in
539 456 639 534 fugam
652 455 767 518 eremit.
810 454 922 514 Bessus
935 454 1004 514 verb
1020 461 1052 514 et
1075 462 1177 526 caeteri

150 553 288 616 facinoris
312 553 376 628 ejus
400 550 566 628 participes,
581 550 746 612 vehiculum
771 549 855 610 Darii
868 550 1005 624 assecuti,
1021 559 1178 627 caeperunt
1234 506 1236 598 i

150 647 262 710 hortari
277 665 352 720 eum,
370 645 604 706 “conscenderet
617 665 732 724 equum
748 652 778 704 et
792 664 823 704 se
836 644 915 704 hosti
929 645 999 722 fugd
1015 645 1177 722 eriperet.¹’
1235 602 1237 688 i

152 743 209 804 Ille
234 742 313 802 Deos
335 740 446 802 ultores
470 741 571 800 adesse
594 748 728 815 testatur,
751 747 781 798 et
802 739 965 800 Alexandri
987 740 1104 798 'fidem
1129 741 1167 799 im

150 838 277 918 plorans,
302 845 442 916 negatae
464 836 626 914 parricidas
648 836 724 896 velle
750 835 892 894 comitari.
936 834 1012 894 Tum
1035 839 1112 896 verb
1134 838 1177 896 irat

152 953 265 1014 quoque
279 932 401 1006 accensi,
417 931 476 990 tela
489 931 625 1007 injiciunt
639 930 669 990 in
684 931 805 1010 Regem,
826 929 984 1008 multisque
1003 933 1178 992 confossum

151 1028 321 1088 vulneribus
344 1025 521 1106 relinquunt.
565 1025 587 1084 J
590 1033 709 1084 umente
730 1045 853 1104 quoque,
874 1045 911 1084 ne
933 1024 1054 1102 longius
1079 1047 1177 1104 prose·

152 1124 203 1206 qui
217 1123 345 1202 possent,
360 1120 586 1196 convulnerant;
609 1121 724 1182 duobus
746 1121 848 1195 servis,
862 1119 913 1199 qui
928 1120 1042 1198 Regem
1057 1123 1176 1182 comita

152 1219 260 1281 bantm
274 1217 385 1278 occisis.

215 1317 261 1375 36.
284 1313 351 1374 Hoc
384 1312 464 1374 edito
497 1312 633 1387 facinore,
660 1319 695 1370 nt
724 1311 848 1390 vestigia
881 1311 959 1388 fugae
992 1321 1177 1390 spargerent,

155 1412 342 1473 Nabarzanes
358 1409 546 1488 Hyrcaniam,
562 1408 671 1468 Bessus
688 1407 806 1481 Baetra,
828 1407 927 1484 paucis
941 1407 1076 1486 equitum
1091 1410 1179 1468 eomi-

155 1509 295 1584 tautibus,
307 1505 452 1586 petebant
495 1504 621 1564 Barbari
644 1503 767 1562 ducibus
789 1502 935 1576 destituti,
956 1503 1015 1580 qud
1028 1523 1179 1582 quemque

155 1609 207 1658 aut
230 1620 296 1678 spes
319 1599 452 1672 ducebat,
473 1604 524 1656 aut
545 1618 643 1676 pavor,
659 1596 884 1674 dissipabantur.
927 1594 1091 1674 Quingenti
1118 1606 1178 1658 tsn·

156 1695 222 1751 tdm
236 1693 348 1770 equites
361 1699 610 1770 congregaverant
624 1711 664 1764 se,
680 1692 786 1750 incerti
800 1691 903 1765 adhuc,
917 1691 1056 1752 resistere
1071 1695 1179 1754 melius

156 1795 242 1861 esset,
257 1788 415 1866 aufugere.
458 1786 636 1860 Alexander,
651 1787 780 1846 hostium
800 1786 994 1864 trepidatione
1014 1778 1178 1866 comperta,

158 1884 333 1944 Nicanorem
355 1901 421 1941 eum
442 1881 573 1961 equitum
594 1889 677 1960 parte
700 1882 737 1940 ad
768 1883 955 1942 inhibendam
978 1884 1081 1962 lugam
1104 1906 1180 1962 prae

156 1978 255 2038 mittit.
298 1976 367 2056 lpse
389 1996 454 2036 cum
476 1977 590 2036 caeteris
612 1978 760 2056 sequitur:
782 1977 840 2036 tria
862 1977 953 2036 ferme
976 1978 1072 2038 millia
1092 1981 1178 2038 resis-

158 2074 284 2136 tentiam
298 2072 392 2132 occisa
405 2079 493 2132 sunt:
514 2073 656 2152 reliquum
670 2093 773 2150 agmen
787 2092 865 2134 more
879 2073 1022 2151 pecudum
1033 2074 1178 2132 intactum

158 2169 306 2248 agebatur,
327 2169 450 2246 jubente
477 2167 569 2246 Rege,
597 2175 632 2228 ut
659 2167 790 2226 caedibus
817 2167 1022 2228 abstineretur.
1081 2169 1179 2228 Nemo

158 2265 338 2342 captivorum
366 2270 438 2337 erat,
467 2263 518 2344 qui
550 2270 713 2322 monstrare
749 2260 834 2320 Darii
861 2261 1025 2320 vehiculum
1056 2271 1178 2339 posset:

159 2359 275 2437 singuli,
300 2367 334 2418 nt
358 2378 480 2438 quaeque
503 2358 725 2436 prehenderunt,
749 2355 973 2416 scrutabantur:
1005 2376 1057 2416 nee
1079 2363 1180 2416 tumen
1252 2395 1253 2402 .

159 2456 252 2514 ullum
266 2453 423 2528 vestigium
436 2453 515 2528 fugae
536 2452 629 2529 Regis
649 2452 790 2512 exstabat.
834 2451 1034 2510 Festinantem
1049 2453 1180 2512 Alexan·

160 2549 245 2608 drum
272 2546 322 2606 vix
350 2545 408 2604 tria
434 2545 527 2604 millia
554 2547 684 2624 equitum
712 2554 864 2624 persecuta
887 2555 964 2606 sunt.
1007 2548 1053 2606 At
1075 2547 1108 2606 in
1127 2567 1179 2608 ecs

159 2644 210 2724 qui
224 2641 335 2701 lentids
350 2640 546 2719 sequebantur
560 2640 728 2702 incidebant
747 2643 884 2702 universa
897 2642 1072 2721 fugientium
1087 2645 1177 2722 agmi-

159 2760 204 2800 na.
248 2738 311 2800 Vix
332 2735 469 2798 credibile
490 2736 580 2812 dictu,
594 2736 694 2815 plures
717 2739 835 2815 captivi,
856 2740 945 2817 quam
966 2738 1017 2818 qui
1040 2747 1180 2816 caperent

160 2843 262 2896 erant:
284 2835 377 2894 ⁸adad
403 2853 516 2894 omnem
539 2852 656 2892 sensum
678 2833 790 2892 territis
813 2833 1063 2911 fortunapenitds
1077 2853 1179 2894 exous·

162 2938 249 3003 serat,
272 2936 305 2988 ut
335 2949 388 2988 nee
415 2929 543 2988 hostium
565 2929 751 3006 paucitatem,
779 2947 832 2986 uec
853 2927 1073 2986 multitudinem
1095 2947 1178 2988 suam

162 3025 233 3087 satis
258 3031 414 3082 cernerent.
470 3024 597 3084 Interim
620 3025 754 3102 jumenta
780 3041 846 3102 quae
870 3023 993 3082 Darium
1022 3023 1179 3097 vehebant,

161 3119 241 3178 nullo
266 3125 392 3194 regente,
417 3118 601 3178 decesserant
622 3117 744 3176 militari
765 3118 823 3192 vis,
846 3125 877 3176 et
897 3137 995 3176 errore
1015 3117 1114 3176 delata
1127 3137 1181 3196 per

162 3221 287 3294 quatuor
309 3211 414 3286 stadia,
428 3212 459 3270 in
480 3213 607 3292 quddam
620 3213 696 3274 valle
719 3213 917 3287 constiterant,
935 3220 1011 3274 aestu
1033 3212 1180 3291 simulque

163 3307 331 3372 vulneribus
353 3307 483 3386 fatigata.
527 3307 619 3368 Haud
640 3309 743 3386 procul
765 3315 828 3366 erat
847 3308 921 3382 fons,
936 3308 974 3368 ad
993 3322 1081 3387 quem
1101 3325 1180 3366 mon-

164 3413 287 3464 stratum
309 3403 442 3482 aperitis
457 3401 645 3480 Polystratus
661 3402 783 3463 Macedo
797 3402 1022 3483 sitimaceratus
1045 3400 1179 3462 masaia.

165 3503 211 3562 Ac
226 3503 297 3560 diam
310 3499 396 3580 galet
410 3499 545 3558 haustam
566 3517 670 3576 aquam
692 3499 800 3574 sorbet,
815 3496 874 3558 tela
890 3501 1090 3575 jumentorum
1115 3497 1181 3558 defi·

167 3597 306 3656 cientium
327 3594 495 3674 corporibus
518 3593 606 3652 infixa
627 3593 786 3671 conspexit.
838 3593 1023 3672 Miratusque
1050 3593 1183 3652 consessa

167 3693 277 3770 potids,
291 3694 380 3772 qnam
394 3691 496 3752 abacta
510 3709 583 3765 esse,
597 3689 750 3748 'semivivi

763 3780 883 3850 [hominis
899 3798 998 3850 corpus,
1010 3783 1069 3832 cnm
1078 3780 1185 3848 propius

168 3861 320 3924 accmsisset,
332 3863 360 3914 in
378 3865 481 3915 sordido
492 3863 609 3915 vehiculo
621 3863 730 3930 pellibus
749 3867 864 3913 contecto
881 3862 958 3912 situm
976 3861 1085 3927 reperit:
1104 3873 1184 3928 atque
