2600 4394
199 333 237 394 48
549 351 687 401 Qnrurr
716 351 855 396 cunrrr

197 489 341 550 citantur:
369 489 506 568 nulloque
531 509 567 548 ex
587 490 633 548 his
658 511 728 552 auso
751 509 921 570 repugnare,
942 491 1076 551 omnihus
1103 497 1224 552 catenae

198 585 314 660 injectas
338 592 422 642 sunt:
452 586 632 663 Amphotero
659 587 773 662 deinde,
796 586 1020 666 Hegelochoque
1046 587 1221 646 traduntur.

199 677 279 738 Hinc
291 679 464 738 Macedones
479 681 620 738 transiere
635 681 818 758 Mitylenem,
829 682 919 759 quam
931 679 1039 740 Ohares
1051 682 1222 740 Athenien·

199 773 240 832 sis
253 795 344 852 nuper
355 783 523 852 occupatam
538 775 659 832 duorum
674 777 796 836 millium
814 775 970 834 Persarum
984 775 1125 852 praesidio
1138 785 1221 834 tene·

198 868 263 929 bat:
285 870 338 929 sed
358 872 425 928 edm
446 869 623 928 obsidionem
646 871 771 930 tolerare
792 890 849 930 non
872 877 980 948 posset,
994 871 1067 930 urbe
1091 872 1219 945 tradite,

198 971 311 1041 pactus,
322 970 356 1022 ut
370 963 506 1024 incolumi
520 964 598 1022 abire
609 963 721 1039 liceret,
734 965 866 1026 Imbrum
879 965 970 1042 petit,
993 964 1101 1023 deditis
1119 965 1218 1024 Mace-

199 1057 288 1116 dones
302 1065 498 1135 pepercerunt.

259 1151 315 1211 VI.
339 1156 385 1211 23.
409 1151 525 1225 Darius,
547 1152 699 1230 desperata
720 1173 798 1230 pace,
819 1173 905 1231 quam
925 1173 978 1230 per
997 1152 1116 1212 litteras
1141 1153 1218 1230 lega-

199 1253 302 1326 tosque
326 1249 476 1325 impetrari
499 1267 583 1325 posse
607 1250 779 1323 crediderat,
801 1249 839 1306 ad
858 1248 1032 1325 reparandas
1052 1249 1145 1322 vires,
1159 1248 1219 1307 bel·

200 1343 317 1422 lumque
331 1345 454 1424 impigre
475 1345 672 1404 renovandum
697 1344 824 1403 intendit
848 1345 984 1403 animum.
1027 1343 1129 1402 Duces
1144 1346 1216 1421 ergb

200 1440 347 1516 copiarum
357 1439 547 1517 Babyloniam
558 1441 720 1514 convenire,
732 1440 857 1498 Bessum
867 1457 979 1518 quoque
990 1437 1216 1496 Bactrianorum

200 1543 365 1610 praetorem,
379 1537 468 1612 quem
492 1535 618 1592 maximo
640 1543 738 1612 posset
760 1533 891 1593 exercitu
914 1540 1022 1607 coacto,
1036 1533 1215 1591 descendere

201 1627 239 1686 ad
254 1647 284 1686 se
296 1629 387 1704 jubet.
431 1627 507 1686 Sunt
520 1635 618 1686 autem
636 1629 787 1686 Bactriani
807 1629 883 1686 inter
896 1628 962 1686 illas
981 1635 1085 1706 gentes
1099 1647 1215 1705 promp-

202 1721 318 1795 tissimi,
332 1721 457 1779 horridis
475 1723 608 1799 ingeniis,
623 1723 805 1802 multumque
820 1743 837 1780 a
851 1723 1007 1782 Persarum
1026 1722 1101 1780 luxu
1114 1723 1215 1783 abhor-

202 1815 352 1875 rentibus:
374 1815 424 1873 siti
438 1815 516 1873 haud
530 1817 631 1893 procul
646 1817 820 1894 Scytharum
839 1817 1059 1878 bellicosissima
1072 1824 1171 1896 gente,
1186 1824 1216 1876 et

203 1916 286 1987 rapto
300 1910 396 1969 vivere
410 1911 527 1984 assueti,
543 1931 655 1988 semper
669 1911 699 1970 in
715 1913 801 1972 armis
815 1919 905 1971 crant.
950 1912 1008 1972 Sed
1022 1911 1144 1987 Bessus,
1157 1932 1214 1972 sus·

203 2007 289 2082 pectet
303 2005 433 2082 perfidie,
448 2005 526 2064 hand
540 2009 609 2066 sane
622 2027 705 2086 aequo
725 2007 820 2066 animo
834 2009 865 2064 in
879 2007 1005 2066 seeundo
1020 2027 1050 2066 se
1064 2008 1215 2066 continens

202 2099 305 2178 gradu
327 2100 438 2180 Regem
453 2103 589 2162 terrebat.
632 2102 791 2161 Nemeum
812 2121 933 2180 regnum
947 2103 1105 2176 affectaret,
1119 2103 1211 2180 prodi·

203 2197 254 2274 tic,
268 2199 325 2276 qud
340 2196 403 2256 solt
418 2197 449 2256 id
463 2198 577 2279 assequi
590 2203 714 2276 poterat,
730 2197 895 2256 timebatur.
939 2198 947 2226 ¹
960 2195 1110 2257 Caeterum
1124 2197 1214 2258 Alex·

204 2293 302 2371 ander,
315 2314 402 2373 quam
423 2295 570 2374 regionem
590 2293 698 2354 Darius
718 2293 862 2371 petiisset,
875 2293 953 2350 omni
973 2297 1043 2350 cura
1056 2293 1213 2371 vestigans,
1270 2325 1271 2366 3

203 2396 301 2448 tamen
316 2389 468 2465 explorare
482 2409 539 2446 non
553 2394 677 2464 poterat,
691 2407 770 2446 more
787 2387 911 2464 quodam
932 2387 1097 2461 Persarum,
1113 2407 1214 2448 arcana

205 2482 321 2559 Regum
334 2482 408 2538 mira
423 2481 579 2538 celantium
592 2481 656 2538 fide.
699 2481 767 2539 Non
789 2489 893 2556 metus,
908 2501 966 2540 non
988 2499 1053 2560 spes
1075 2481 1157 2541 elicit
1169 2503 1214 2543 ro
1270 2495 1271 2506 ¹

204 2595 275 2649 cem,
286 2577 344 2652 qut
358 2573 517 2652 prodantur
528 2573 656 2632 occulta:
680 2582 763 2634 retus
778 2575 931 2653 discipline
941 2576 1057 2656 Regum
1067 2575 1214 2636 silentium

204 2669 275 2730 ritae
301 2667 429 2748 periculo
457 2675 600 2726 sanxerat.
653 2669 768 2746 Lingua
794 2670 908 2748 gravida
936 2671 1103 2748 castigatur,
1127 2673 1214 2750 qnam

205 2766 298 2826 ullum
311 2765 467 2844 probrum,
490 2764 562 2822 'nec
575 2783 707 2842 magnam
721 2783 782 2824 rem
796 2765 934 2824 sustineri
947 2785 1031 2843 pesse
1045 2766 1166 2826 credunt
1179 2769 1214 2828 ab
1247 2771 1253 2788 ⁸

206 2882 249 2936 eo,
264 2863 311 2922 cui
325 2869 420 2920 tacere
433 2880 520 2939 grave
535 2859 589 2936 sit;
612 2859 689 2938 quod
703 2859 811 2918 homini
829 2860 1000 2918 facillimum
1013 2860 1139 2920 voluerit
1153 2881 1214 2921 esse

205 2963 317 3016 natura.
359 2956 427 3017 'Oh
451 2957 524 3015 hanc
553 2974 669 3014 causam
695 2953 864 3012 Alexander
888 2956 1022 3030 omnium,
1046 2977 1112 3034 ques
1138 2959 1215 3035 apud

206 3051 319 3110 hostem
328 3059 504 3130 gererentur,
515 3051 642 3130 ignarus,
653 3048 755 3108 urbem
767 3047 873 3108 Geram
884 3049 1044 3110 obsidebat.
1085 3049 1215 3112 Praeerat

206 3146 235 3206 ei
256 3145 342 3204 Betis
366 3145 481 3205 eximiae
501 3147 532 3204 in
552 3147 665 3225 Regem
689 3165 775 3205 suum
794 3143 870 3222 fidei,
888 3145 1057 3224 modicoque
1081 3147 1214 3224 prasidio

207 3260 305 3302 muros
319 3241 465 3318 ⁴ingentis
479 3241 574 3318 operis
588 3241 731 3302 tuebatur.

267 3338 313 3396 24.
336 3335 515 3410 Alexander,
530 3336 673 3395 aestimato
687 3337 816 3396 locorum
830 3334 899 3410 situ,
914 3335 962 3414 agi
977 3335 1141 3396 ⁵cunicuios
1157 3339 1213 3414 jnr-

208 3435 256 3509 sit,
267 3430 348 3494 facili
361 3451 394 3490 ac
405 3430 463 3490 levi
476 3430 562 3490 humo
576 3437 744 3508 acceptante
758 3430 902 3489 occultum
916 3449 1004 3508 opus:
1025 3431 1133 3510 quippe
1144 3431 1213 3490 mul·

209 3539 269 3588 tam
292 3547 408 3588 arenam
428 3525 557 3586 vicinum
580 3545 659 3584 mare
684 3526 800 3600 evomit,
817 3543 870 3584 nec
894 3544 965 3584 saxa
988 3531 1132 3604 cotesque,
1151 3545 1213 3605 quse

91 3631 97 3640 ”
209 3623 396 3702 interpellent
420 3623 551 3700 'specus
571 3619 734 3682 obstabant.
777 3619 875 3699 Igitur
899 3620 936 3681 ab
960 3623 995 3678 ea
1017 3628 1108 3698 parte,
1132 3641 1214 3700 qnam

209 3721 356 3798 oppidani,
371 3720 535 3798 conspicere
548 3737 605 3777 non
618 3723 745 3795 possent,
760 3735 832 3794 opus
852 3735 945 3790 orsus,
960 3717 1013 3774 'ut
1026 3736 1044 3774 a
1056 3735 1141 3776 sensu
1154 3719 1213 3794 ejus

211 3821 355 3875 averteret
378 3823 475 3874 turres
495 3813 586 3872 muris
607 3811 755 3872 admoveri
772 3810 864 3888 jubet
907 3809 966 3870 Sed
990 3810 1090 3870 amem
1114 3811 1212 3870 humus
