2520 4390
318 383 442 426 ninum
467 385 521 427 vr.
549 385 635 428 οη.
662 385 754 426 vrri.
990 365 1046 427 129

32 522 99 584 ticio
117 521 253 585 hostibus
273 523 362 584 muni.
414 523 480 584 Hos
501 524 527 584 si
548 523 800 599 submerserim
819 529 917 584 metuo
937 521 976 584 eb
997 539 1046 582 ex·

121 623 137 654 ii

30 625 138 774 mil.
160 714 236 775 Haeo
249 711 393 776 Gruterus.
456 714 518 774 Neo
531 713 630 776 ooeteri
644 714 824 789 dubitnbnnt,
840 713 936 792 “quin
949 713 1044 790 conju·

28 905 181 982 particeps
244 907 263 934 ¹⁰
272 903 365 976 Quem
379 903 456 964 enim
475 905 564 982 pium,
580 912 609 964 et
623 905 706 967 boum
718 905 834 979 mentis,
848 923 906 964 non
919 903 1044 962 amioum

27 1001 122 1074 modo,
144 1001 196 1059 sed
220 1019 256 1060 ex
277 1000 383 1060 ultime
395 1001 489 1078 plebe,
504 1000 612 1060 auditis
624 1021 690 1080 quse
703 1000 741 1060 nd
761 1019 826 1060 eum
840 998 937 1058 delete
950 1005 1043 1072 eruut,

27 1113 84 1154 nou
111 1095 243 1173 protinus
269 1097 307 1180 ed
334 1097 446 1175 Regem
468 1097 560 1156 fuisse
583 1095 757 1156 cursurum?
819 1097 838 1124 ¹¹
849 1093 896 1154 Ne
911 1092 1044 1156 Cebalini
1109 1085 1114 1096 ’

25 1190 142 1268 quidem
155 1191 297 1269 exemplo,
310 1191 361 1269 qui
375 1209 412 1249 ex
424 1191 516 1250 fratre
538 1199 682 1268 comperte
705 1190 761 1267 ipsi
781 1189 958 1264 nuncieteset,
972 1189 1043 1248 Per·

23 1285 164 1344 menionis
176 1286 280 1360 filium,
289 1286 465 1347 Praefectum
474 1286 631 1364 equitetis,
642 1286 768 1344 omnium
777 1303 944 1344 moruorum
954 1283 1045 1362 Regis

22 1380 187 1456 arbitrum,
210 1380 363 1438 simultese
377 1379 467 1438 etiem
479 1399 537 1438 non
550 1385 666 1439 vecisse
679 1379 804 1438 sermoni
814 1397 865 1438 suo
878 1377 999 1456 Regem,
1008 1397 1045 1436 ue

23 1474 115 1532 index
136 1474 228 1532 elium
248 1473 460 1532 internuncium
480 1481 628 1553 qumreret.
680 1473 887 1532 Nicomachum
907 1471 1046 1551 religione

22 1562 138 1646 quoque
151 1568 251 1627 Derim
270 1569 452 1645 adstrictum,
468 1569 698 1629 mconscientium
712 1587 793 1630 suem
815 1586 969 1628 exonerare
982 1586 1045 1644 pro-

20 1669 160 1743 pertese:
181 1663 337 1739 Philotam,
351 1673 518 1744 consumpto
531 1683 583 1743 per
603 1664 702 1724 ludum
720 1665 873 1742 jocumque
883 1662 956 1740 pene
980 1669 1044 1722 toto

22 1759 80 1834 die,
95 1765 248 1836 meretum
269 1778 331 1818 esse
350 1779 443 1838 peuce
463 1761 560 1836 verbe,
584 1761 622 1820 sd
643 1767 730 1838 ceput
750 1758 843 1838 Regis
857 1757 1042 1836 pertinentia,

21 1861 82 1912 tum
96 1855 181 1933 longo
196 1861 226 1912 et
238 1855 360 1914 forsitan
372 1875 548 1933 supervacuo
562 1855 688 1916 inserere
701 1853 835 1916 sermoni
878 1854 898 1882 ¹³
908 1854 954 1912 At
966 1853 1043 1912 euim

20 1969 80 2008 non
102 1949 260 2009 credidisse
273 1951 346 2010 telin
359 1951 558 2013 deferentibus
579 1951 693 2036 puerisl
715 1971 767 2012 our
780 1951 872 2028 igitur
894 1950 913 1978 ¹⁴
925 1957 1041 2008 extrux-

22 2045 100 2104 isset
123 2045 254 2118 biduum,
268 2053 407 2124 tunquam
433 2047 540 2105 iudicio
554 2046 674 2106 baberet
687 2045 799 2104 fidem?
828 2044 1042 2105 Dimittendum

19 2141 116 2199 fuisse
145 2138 326 2214 Cebalinum,
352 2141 378 2198 si
411 2140 587 2200 deletionem
613 2143 678 2217 ejus
705 2139 868 2198 domnsbet
931 2139 968 2198 Iu
990 2157 1042 2198 suo

20 2253 169 2315 quemque
191 2233 319 2310 periculo
343 2253 480 2312 maguum
504 2235 631 2292 euimum
655 2234 782 2294 hebere:
804 2237 869 2294 cim
891 2233 928 2291 de
950 2232 1043 2292 salute

20 2331 120 2408 Regis
134 2329 296 2403 timeretur,
308 2329 442 2387 credulos
457 2348 520 2388 esse
531 2329 636 2388 debere
647 2348 653 2405 3
669 2347 745 2388 vene
755 2347 868 2407 quoque
879 2327 1043 2386 deferentes

20 2424 211 2484 admittere.’'
254 2422 363 2484 Omnes
388 2424 479 2503 igitur
492 2424 682 2504 qureetiouem
706 2423 743 2484 de
765 2442 809 2499 eo,
829 2431 864 2482 ut
883 2423 1042 2502 participes

21 2519 144 2580 sceleris
166 2519 296 2578 indicere
319 2527 479 2598 cogeretur,
498 2519 660 2580 hibendum
679 2539 743 2580 esso
764 2518 931 2580 decernunt
973 2519 1041 2578 Rex
1126 2557 1133 2571 ·.

21 2615 199 2688 admonitos,
224 2621 260 2672 ut
288 2615 441 2674 consilium
463 2615 579 2674 silentio
599 2622 772 2693 premerent,
793 2613 926 2674 dimittit.
970 2614 1039 2674 Pro·

21 2711 159 2770 nuncieri
173 2709 277 2768 deiude
292 2710 350 2769 iter
362 2711 393 2770 iu
407 2718 556 2788 posterum
571 2711 648 2770 diem
659 2711 754 2789 jubet,
766 2731 804 2770 ne
817 2730 876 2789 qne
889 2710 959 2768 novi
973 2710 1042 2768 initi

22 2806 140 2866 consilii
154 2805 273 2864 deretur
286 2812 365 2864 note.
426 2805 575 2866 Invitatus
595 2813 641 2866 est
661 2807 749 2866 etium
764 2803 956 2865 Philetaero
975 2803 1041 2864 ulti·

23 2922 85 2960 mus
99 2899 159 2977 ipsi
174 2899 290 2976 epulus:
311 2913 342 2958 et
355 2920 408 2958 rex
421 2921 479 2960 non
493 2919 608 2960 coennre
628 2901 724 2974 modd,
740 2899 792 2960 sed
812 2898 901 2956 etism
921 2898 1041 2956 familie·

23 2997 97 3055 riter
123 2993 251 3072 colloqui
274 3013 339 3052 oum
358 3013 391 3052 eo
412 3015 498 3072 quem
517 2995 713 3065 damnaverat,
728 2993 875 3054 sustinuit
907 2992 1041 3054 Secunde

25 3091 134 3150 deinde
157 3090 269 3169 vigilie,
292 3089 450 3150 luminibus
475 3091 623 3164 extinctis,
652 3109 718 3151 oum
743 3089 844 3167 paucis
873 3089 904 3148 in
929 3090 1041 3169 regiam

26 3193 134 3246 coeunt
149 3185 351 3263 Hephaestion,
366 3193 397 3244 ct
412 3184 560 3258 Gruterus,
576 3193 606 3242 et
629 3184 743 3262 Ooeuus,
757 3193 787 3244 et
807 3184 954 3266 Erigyius.
998 3187 1042 3246 Hi

26 3303 62 3340 ex
78 3281 217 3340 l‘terrriois
260 3281 310 3340 Ex
334 3281 488 3360 armigeris
510 3287 615 3357 numm,
640 3281 804 3354 Perdiccas,
826 3289 857 3342 et
881 3282 1038 3342 Leouetus.

27 3377 88 3434 Per
113 3377 166 3434 hos
188 3377 371 3454 imperatum,
391 3383 427 3434 ut
450 3375 502 3456 qni
526 3376 702 3438 Praetorium
726 3377 917 3452 excubabunt,
938 3375 1043 3436 srmsti

27 3471 193 3549 vigilarent

89 3571 136 3625 25.
160 3567 230 3626 Jsm
244 3567 283 3626 ed
307 3587 405 3630 omues
427 3569 526 3630 editus
548 3568 682 3648 dispositi
702 3569 828 3642 militem
850 3565 963 3644 equites
976 3581 1043 3640 quo·

30 3681 86 3739 que
109 3662 215 3722 itinere
228 3663 361 3724 obsidere
382 3666 467 3741 jussi,
481 3685 518 3726 ne
540 3665 605 3744 quie
619 3667 658 3726 sd
679 3663 901 3724 Parmenionem
916 3657 1043 3736 quitum

32 3756 149 3832 Mediae,
162 3759 335 3837 magnisque
347 3761 436 3836 copiis
450 3770 583 3837 proceret,
595 3761 725 3819 occultus
739 3756 883 3816 evaderet.
920 3754 1043 3814 Atturss

33 3861 132 3910 eutem
145 3873 209 3914 curu
223 3855 362 3914 trecentis
376 3857 496 3914 ermetis
517 3857 677 3915 intraverat
691 3853 806 3928 regium.
851 3849 930 3908 Huic
945 3851 1043 3910 decem

231 3953 265 4005 fi*
