<?xml version="1.0" encoding="UTF-8"?>
<!DOCTYPE html PUBLIC "-//W3C//DTD XHTML 1.0 Transitional//EN"
    "http://www.w3.org/TR/xhtml1/DTD/xhtml1-transitional.dtd">
<html xmlns="http://www.w3.org/1999/xhtml" xml:lang="en" lang="en">
 <head>
  <title>
</title>
<meta http-equiv="Content-Type" content="text/html;charset=utf-8" />
  <meta name='ocr-system' content='tesseract 3.04.00' />
  <meta name='ocr-capabilities' content='ocr_page ocr_carea ocr_par ocr_line ocrx_word'/>
</head>
<body>
  <div class='ocr_page' id='page_1' title='image "./quintuscurtiusr00cellgoog_0156.png"; bbox 0 0 2520 4390; ppageno 0'>
   <div class='ocr_carea' id='block_1_1' title="bbox 371 380 759 426">
    <p class='ocr_par' dir='ltr' id='par_1_1' title="bbox 371 380 759 426">
     <span class='ocr_line' id='line_1_1' title="bbox 371 380 759 426; baseline 0.005 -4"><span class='ocrx_word' id='word_1_1' title='bbox 371 380 494 426; x_wconf 76' lang='lat' dir='ltr'><strong>musa</strong></span> <span class='ocrx_word' id='word_1_2' title='bbox 521 383 592 424; x_wconf 82' lang='lat' dir='ltr'><strong>llll.</strong></span> <span class='ocrx_word' id='word_1_3' title='bbox 622 383 707 425; x_wconf 69' lang='grc' dir='ltr'><strong>ΜΡ.</strong></span> <span class='ocrx_word' id='word_1_4' title='bbox 735 383 759 424; x_wconf 91' lang='lat'><strong>1.</strong></span> 
     </span>
    </p>
   </div>
   <div class='ocr_carea' id='block_1_2' title="bbox 420 717 707 779">
    <p class='ocr_par' dir='ltr' id='par_1_2' title="bbox 420 717 707 779">
     <span class='ocr_line' id='line_1_2' title="bbox 420 717 707 779; baseline 0.007 -2"><span class='ocrx_word' id='word_1_5' title='bbox 420 717 584 778; x_wconf 80' lang='lat' dir='ltr'>LIBER</span> <span class='ocrx_word' id='word_1_6' title='bbox 611 717 707 779; x_wconf 84' lang='lat' dir='ltr'><strong>VII.</strong></span> 
     </span>
    </p>
   </div>
   <div class='ocr_carea' id='block_1_3' title="bbox 472 907 649 942">
    <p class='ocr_par' dir='ltr' id='par_1_3' title="bbox 472 907 649 942">
     <span class='ocr_line' id='line_1_3' title="bbox 472 907 649 942; baseline 0 0"><span class='ocrx_word' id='word_1_7' title='bbox 472 907 649 942; x_wconf 69' lang='lat' dir='ltr'><strong>mummii.</strong></span> 
     </span>
    </p>
   </div>
   <div class='ocr_carea' id='block_1_4' title="bbox 54 1031 1073 1730">
    <p class='ocr_par' dir='ltr' id='par_1_4' title="bbox 56 1031 1068 1150">
     <span class='ocr_line' id='line_1_4' title="bbox 94 1031 1068 1085; baseline 0 -14"><span class='ocrx_word' id='word_1_8' title='bbox 94 1032 112 1072; x_wconf 90' lang='lat'><strong>1.</strong></span> <span class='ocrx_word' id='word_1_9' title='bbox 125 1031 245 1074; x_wconf 77' lang='lat' dir='ltr'><strong>Alexander</strong></span> <span class='ocrx_word' id='word_1_10' title='bbox 259 1031 388 1084; x_wconf 80' lang='lat' dir='ltr'><strong>Lyuoeetem</strong></span> <span class='ocrx_word' id='word_1_11' title='bbox 400 1034 516 1085; x_wconf 71' lang='lat' dir='ltr'><strong>maiestatis</strong></span> <span class='ocrx_word' id='word_1_12' title='bbox 530 1045 592 1075; x_wconf 88' lang='lat' dir='ltr'><strong>reum</strong></span> <span class='ocrx_word' id='word_1_13' title='bbox 607 1033 697 1074; x_wconf 77' lang='lat' dir='ltr'><strong>interdai</strong></span> <span class='ocrx_word' id='word_1_14' title='bbox 714 1033 779 1074; x_wconf 86' lang='lat' dir='ltr'><strong>ourat</strong></span> <span class='ocrx_word' id='word_1_15' title='bbox 812 1031 895 1073; x_wconf 77' lang='lat' dir='ltr'><strong>Deindd</strong></span> <span class='ocrx_word' id='word_1_16' title='bbox 911 1032 935 1072; x_wconf 91' lang='lat' dir='ltr'><strong>in</strong></span> <span class='ocrx_word' id='word_1_17' title='bbox 951 1031 1068 1082; x_wconf 83' lang='lat' dir='ltr'><strong>Amyntam</strong></span> 
     </span>
     <span class='ocr_line' id='line_1_5' title="bbox 56 1097 1019 1150; baseline 0 -14"><span class='ocrx_word' id='word_1_18' title='bbox 56 1098 78 1136; x_wconf 88' lang='lat' dir='ltr'><strong>at</strong></span> <span class='ocrx_word' id='word_1_19' title='bbox 87 1097 199 1138; x_wconf 78' lang='lat' dir='ltr'><strong>Simmiam</strong></span> <span class='ocrx_word' id='word_1_20' title='bbox 208 1097 299 1138; x_wconf 82' lang='lat' dir='ltr'><strong>Philota</strong></span> <span class='ocrx_word' id='word_1_21' title='bbox 307 1099 387 1140; x_wconf 81' lang='lat' dir='ltr'><strong>amieos</strong></span> <span class='ocrx_word' id='word_1_22' title='bbox 394 1099 487 1150; x_wconf 83' lang='lat' dir='ltr'><strong>inquirit</strong></span> <span class='ocrx_word' id='word_1_23' title='bbox 494 1100 532 1150; x_wconf 88' lang='lat' dir='ltr'><strong>qul</strong></span> <span class='ocrx_word' id='word_1_24' title='bbox 539 1109 601 1139; x_wconf 84' lang='lat' dir='ltr'><strong>snam</strong></span> <span class='ocrx_word' id='word_1_25' title='bbox 610 1099 752 1140; x_wconf 67' lang='lat' dir='ltr'><strong>Innocentiam</strong></span> <span class='ocrx_word' id='word_1_26' title='bbox 760 1098 820 1148; x_wconf 74' lang='lat' dir='ltr'><strong>gravi</strong></span> <span class='ocrx_word' id='word_1_27' title='bbox 828 1097 920 1140; x_wconf 76' lang='lat' dir='ltr'><strong>madeus</strong></span> <span class='ocrx_word' id='word_1_28' title='bbox 927 1098 1019 1138; x_wconf 80' lang='lat' dir='ltr'><strong>mentor.</strong></span> 
     </span>
    </p>

    <p class='ocr_par' dir='ltr' id='par_1_5' title="bbox 54 1161 1069 1342">
     <span class='ocr_line' id='line_1_6' title="bbox 92 1161 1068 1214; baseline 0 -12"><span class='ocrx_word' id='word_1_29' title='bbox 92 1161 110 1202; x_wconf 75' lang='lat' dir='ltr'><strong>t.</strong></span> <span class='ocrx_word' id='word_1_30' title='bbox 123 1161 220 1212; x_wconf 78' lang='lat' dir='ltr'><strong>Amyntt</strong></span> <span class='ocrx_word' id='word_1_31' title='bbox 234 1164 256 1202; x_wconf 84' lang='lat' dir='ltr'><strong>et</strong></span> <span class='ocrx_word' id='word_1_32' title='bbox 270 1162 370 1204; x_wconf 80' lang='lat' dir='ltr'><strong>iratribus</strong></span> <span class='ocrx_word' id='word_1_33' title='bbox 382 1163 405 1202; x_wconf 91' lang='lat' dir='ltr'><strong>in</strong></span> <span class='ocrx_word' id='word_1_34' title='bbox 419 1163 507 1212; x_wconf 77' lang='lat' dir='ltr'><strong>gratim</strong></span> <span class='ocrx_word' id='word_1_35' title='bbox 520 1163 618 1214; x_wconf 82' lang='lat' dir='ltr'><strong>receptis,</strong></span> <span class='ocrx_word' id='word_1_36' title='bbox 627 1161 754 1214; x_wconf 87' lang='lat' dir='ltr'><strong>Polydamas</strong></span> <span class='ocrx_word' id='word_1_37' title='bbox 762 1174 775 1202; x_wconf 93' lang='lat' dir='ltr'><strong>a</strong></span> <span class='ocrx_word' id='word_1_38' title='bbox 783 1162 841 1214; x_wconf 79' lang='lat' dir='ltr'><strong>Rege</strong></span> <span class='ocrx_word' id='word_1_39' title='bbox 852 1163 929 1212; x_wconf 75' lang='lat' dir='ltr'><strong>jussus,</strong></span> <span class='ocrx_word' id='word_1_40' title='bbox 937 1163 960 1202; x_wconf 91' lang='lat' dir='ltr'><strong>io</strong></span> <span class='ocrx_word' id='word_1_41' title='bbox 975 1161 1068 1202; x_wconf 78' lang='lat' dir='ltr'><strong>Mediam</strong></span> 
     </span>
     <span class='ocr_line' id='line_1_7' title="bbox 55 1225 1069 1278; baseline 0.002 -12"><span class='ocrx_word' id='word_1_42' title='bbox 55 1225 150 1268; x_wconf 77' lang='lat' dir='ltr'><strong>celeriter</strong></span> <span class='ocrx_word' id='word_1_43' title='bbox 157 1227 270 1278; x_wconf 72' lang='lat' dir='ltr'><strong>proiectus,</strong></span> <span class='ocrx_word' id='word_1_44' title='bbox 279 1227 442 1269; x_wconf 65' lang='lat' dir='ltr'><strong>Parmenionem</strong></span> <span class='ocrx_word' id='word_1_45' title='bbox 450 1229 540 1269; x_wconf 79' lang='lat' dir='ltr'><strong>interitui</strong></span> <span class='ocrx_word' id='word_1_46' title='bbox 554 1231 618 1269; x_wconf 81' lang='lat' dir='ltr'><strong>aurat</strong></span> <span class='ocrx_word' id='word_1_47' title='bbox 650 1227 714 1270; x_wconf 79' lang='lat' dir='ltr'><strong>Unde</strong></span> <span class='ocrx_word' id='word_1_48' title='bbox 726 1229 843 1278; x_wconf 77' lang='lat' dir='ltr'><strong>indignatio</strong></span> <span class='ocrx_word' id='word_1_49' title='bbox 850 1229 872 1268; x_wconf 88' lang='lat' dir='ltr'><strong>et</strong></span> <span class='ocrx_word' id='word_1_50' title='bbox 878 1229 959 1277; x_wconf 86' lang='lat' dir='ltr'><strong>seditio,</strong></span> <span class='ocrx_word' id='word_1_51' title='bbox 968 1239 1015 1278; x_wconf 81' lang='lat' dir='ltr'><strong>quae</strong></span> <span class='ocrx_word' id='word_1_52' title='bbox 1022 1229 1069 1268; x_wconf 79' lang='lat' dir='ltr'><strong>tau·</strong></span> 
     </span>
     <span class='ocr_line' id='line_1_8' title="bbox 54 1291 251 1342; baseline 0.015 -12"><span class='ocrx_word' id='word_1_53' title='bbox 54 1291 104 1331; x_wconf 87' lang='lat' dir='ltr'><strong>dem</strong></span> <span class='ocrx_word' id='word_1_54' title='bbox 113 1293 251 1342; x_wconf 75' lang='lat' dir='ltr'><strong>extinguitur.</strong></span> 
     </span>
    </p>

    <p class='ocr_par' dir='ltr' id='par_1_6' title="bbox 55 1355 1067 1472">
     <span class='ocr_line' id='line_1_9' title="bbox 91 1355 1067 1408; baseline 0.002 -12"><span class='ocrx_word' id='word_1_55' title='bbox 91 1357 111 1397; x_wconf 79' lang='lat'><strong>8.</strong></span> <span class='ocrx_word' id='word_1_56' title='bbox 124 1355 202 1396; x_wconf 77' lang='lat' dir='ltr'><strong>Varios</strong></span> <span class='ocrx_word' id='word_1_57' title='bbox 209 1356 298 1407; x_wconf 86' lang='lat' dir='ltr'><strong>populos</strong></span> <span class='ocrx_word' id='word_1_58' title='bbox 306 1355 346 1398; x_wconf 86' lang='lat' dir='ltr'><strong>sub</strong></span> <span class='ocrx_word' id='word_1_59' title='bbox 355 1357 432 1408; x_wconf 78' lang='lat' dir='ltr'><strong>jugum</strong></span> <span class='ocrx_word' id='word_1_60' title='bbox 440 1358 505 1398; x_wconf 89' lang='lat' dir='ltr'><strong>mittit</strong></span> <span class='ocrx_word' id='word_1_61' title='bbox 517 1357 643 1407; x_wconf 70' lang='lat' dir='ltr'><strong>Alexander,</strong></span> <span class='ocrx_word' id='word_1_62' title='bbox 652 1368 677 1400; x_wconf 84' lang='lat' dir='ltr'><strong>ao</strong></span> <span class='ocrx_word' id='word_1_63' title='bbox 690 1357 841 1408; x_wconf 70' lang='lat' dir='ltr'><strong>septemdecim</strong></span> <span class='ocrx_word' id='word_1_64' title='bbox 855 1355 930 1398; x_wconf 87' lang='lat' dir='ltr'><strong>diebus</strong></span> <span class='ocrx_word' id='word_1_65' title='bbox 944 1367 994 1398; x_wconf 90' lang='lat' dir='ltr'><strong>oum</strong></span> <span class='ocrx_word' id='word_1_66' title='bbox 1008 1368 1067 1398; x_wconf 57' lang='lat' dir='ltr'><strong>exeri·</strong></span> 
     </span>
     <span class='ocr_line' id='line_1_10' title="bbox 55 1419 328 1472; baseline 0.007 -12"><span class='ocrx_word' id='word_1_67' title='bbox 55 1422 103 1460; x_wconf 86' lang='lat' dir='ltr'><strong>olto</strong></span> <span class='ocrx_word' id='word_1_68' title='bbox 112 1419 231 1461; x_wconf 81' lang='lat' dir='ltr'><strong>Cauaseum</strong></span> <span class='ocrx_word' id='word_1_69' title='bbox 239 1423 328 1472; x_wconf 85' lang='lat' dir='ltr'><strong>superat</strong></span> 
     </span>
    </p>

    <p class='ocr_par' dir='ltr' id='par_1_7' title="bbox 55 1483 1073 1665">
     <span class='ocr_line' id='line_1_11' title="bbox 93 1483 1073 1536; baseline 0.002 -10"><span class='ocrx_word' id='word_1_70' title='bbox 93 1487 113 1526; x_wconf 81' lang='grc'><strong>4,</strong></span> <span class='ocrx_word' id='word_1_71' title='bbox 127 1485 206 1524; x_wconf 74' lang='lat' dir='ltr'><strong>Remus</strong></span> <span class='ocrx_word' id='word_1_72' title='bbox 214 1485 305 1525; x_wconf 87' lang='lat' dir='ltr'><strong>debello</strong></span> <span class='ocrx_word' id='word_1_73' title='bbox 313 1485 414 1526; x_wconf 81' lang='lat' dir='ltr'><strong>adversm</strong></span> <span class='ocrx_word' id='word_1_74' title='bbox 422 1485 574 1535; x_wconf 84' lang='lat' dir='ltr'><strong>Alexandrum,</strong></span> <span class='ocrx_word' id='word_1_75' title='bbox 582 1485 638 1526; x_wconf 88' lang='lat' dir='ltr'><strong>inter</strong></span> <span class='ocrx_word' id='word_1_76' title='bbox 646 1485 723 1536; x_wconf 86' lang='lat' dir='ltr'><strong>epulas,</strong></span> <span class='ocrx_word' id='word_1_77' title='bbox 732 1484 841 1534; x_wconf 83' lang='lat' dir='ltr'><strong>oonsuliat,</strong></span> <span class='ocrx_word' id='word_1_78' title='bbox 850 1484 979 1536; x_wconf 75' lang='lat' dir='ltr'><strong>sapientique</strong></span> <span class='ocrx_word' id='word_1_79' title='bbox 988 1483 1073 1528; x_wconf 74' lang='lat' dir='ltr'><strong>colna</strong></span> 
     </span>
     <span class='ocr_line' id='line_1_12' title="bbox 55 1549 1072 1602; baseline 0.003 -13"><span class='ocrx_word' id='word_1_80' title='bbox 55 1549 145 1590; x_wconf 89' lang='lat' dir='ltr'><strong>oonsilio</strong></span> <span class='ocrx_word' id='word_1_81' title='bbox 160 1549 250 1590; x_wconf 76' lang='lat' dir='ltr'><strong>minime</strong></span> <span class='ocrx_word' id='word_1_82' title='bbox 265 1551 381 1600; x_wconf 81' lang='lat' dir='ltr'><strong>aequieaoit</strong></span> <span class='ocrx_word' id='word_1_83' title='bbox 407 1551 496 1592; x_wconf 83' lang='lat' dir='ltr'><strong>Interim</strong></span> <span class='ocrx_word' id='word_1_84' title='bbox 511 1550 559 1592; x_wconf 82' lang='lat' dir='ltr'><strong>Rex</strong></span> <span class='ocrx_word' id='word_1_85' title='bbox 573 1551 650 1592; x_wconf 86' lang='lat' dir='ltr'><strong>Baetra</strong></span> <span class='ocrx_word' id='word_1_86' title='bbox 661 1551 763 1602; x_wconf 83' lang='lat' dir='ltr'><strong>pervenit,</strong></span> <span class='ocrx_word' id='word_1_87' title='bbox 772 1549 810 1592; x_wconf 92' lang='lat' dir='ltr'><strong>ubi</strong></span> <span class='ocrx_word' id='word_1_88' title='bbox 825 1550 852 1591; x_wconf 88' lang='lat' dir='ltr'><strong>de</strong></span> <span class='ocrx_word' id='word_1_89' title='bbox 865 1549 989 1592; x_wconf 81' lang='lat' dir='ltr'><strong>Grasoorum</strong></span> <span class='ocrx_word' id='word_1_90' title='bbox 1003 1551 1072 1594; x_wconf 69' lang='lat' dir='ltr'><strong>aerea</strong></span> 
     </span>
     <span class='ocr_line' id='line_1_13' title="bbox 55 1613 789 1665; baseline 0.004 -11"><span class='ocrx_word' id='word_1_91' title='bbox 55 1615 116 1654; x_wconf 90' lang='lat' dir='ltr'><strong>tione</strong></span> <span class='ocrx_word' id='word_1_92' title='bbox 125 1616 147 1654; x_wconf 84' lang='lat' dir='ltr'><strong>et</strong></span> <span class='ocrx_word' id='word_1_93' title='bbox 155 1613 288 1655; x_wconf 77' lang='lat' dir='ltr'><strong>eatlbamne</strong></span> <span class='ocrx_word' id='word_1_94' title='bbox 296 1615 396 1665; x_wconf 75' lang='lat' dir='ltr'><strong>singulari</strong></span> <span class='ocrx_word' id='word_1_95' title='bbox 404 1617 517 1656; x_wconf 88' lang='lat' dir='ltr'><strong>oertamine</strong></span> <span class='ocrx_word' id='word_1_96' title='bbox 525 1617 595 1657; x_wconf 86' lang='lat' dir='ltr'><strong>oooiso</strong></span> <span class='ocrx_word' id='word_1_97' title='bbox 602 1616 688 1656; x_wconf 78' lang='lat' dir='ltr'><strong>advenit</strong></span> <span class='ocrx_word' id='word_1_98' title='bbox 695 1617 789 1657; x_wconf 76' lang='lat' dir='ltr'><strong>nuncius</strong></span> 
     </span>
    </p>

    <p class='ocr_par' dir='ltr' id='par_1_8' title="bbox 97 1675 1072 1730">
     <span class='ocr_line' id='line_1_14' title="bbox 97 1675 1072 1730; baseline 0.004 -12"><span class='ocrx_word' id='word_1_99' title='bbox 97 1677 116 1718; x_wconf 84' lang='lat' dir='ltr'><strong>b.</strong></span> <span class='ocrx_word' id='word_1_100' title='bbox 129 1678 242 1719; x_wconf 76' lang='lat' dir='ltr'><strong>Exercitus</strong></span> <span class='ocrx_word' id='word_1_101' title='bbox 258 1679 373 1720; x_wconf 78' lang='lat' dir='ltr'><strong>Alexandri</strong></span> <span class='ocrx_word' id='word_1_102' title='bbox 393 1681 427 1721; x_wconf 86' lang='lat' dir='ltr'><strong>siti</strong></span> <span class='ocrx_word' id='word_1_103' title='bbox 445 1679 544 1722; x_wconf 85' lang='lat' dir='ltr'><strong>liberatus</strong></span> <span class='ocrx_word' id='word_1_104' title='bbox 563 1679 634 1720; x_wconf 84' lang='lat' dir='ltr'><strong>Oxum</strong></span> <span class='ocrx_word' id='word_1_105' title='bbox 655 1691 741 1722; x_wconf 87' lang='lat' dir='ltr'><strong>amnem</strong></span> <span class='ocrx_word' id='word_1_106' title='bbox 761 1675 866 1720; x_wconf 74' lang='lat' dir='ltr'><strong>industrii</strong></span> <span class='ocrx_word' id='word_1_107' title='bbox 887 1679 970 1730; x_wconf 58' lang='lat' dir='ltr'><strong>tradidi.</strong></span> <span class='ocrx_word' id='word_1_108' title='bbox 996 1679 1072 1722; x_wconf 69' lang='lat' dir='ltr'><strong>sem</strong></span> 
     </span>
    </p>
   </div>
   <div class='ocr_carea' id='block_1_5' title="bbox 53 1742 1071 1848">
    <p class='ocr_par' dir='ltr' id='par_1_9' title="bbox 53 1742 1071 1848">
     <span class='ocr_line' id='line_1_15' title="bbox 53 1742 1071 1848; baseline 0.006 -66"><span class='ocrx_word' id='word_1_109' title='bbox 53 1742 104 1848; x_wconf 56' lang='lat' dir='ltr'><strong>{plo</strong></span> <span class='ocrx_word' id='word_1_110' title='bbox 119 1746 194 1794; x_wconf 81' lang='lat' dir='ltr'><strong>eaptus</strong></span> <span class='ocrx_word' id='word_1_111' title='bbox 207 1745 235 1784; x_wconf 86' lang='lat' dir='ltr'><strong>ad</strong></span> <span class='ocrx_word' id='word_1_112' title='bbox 247 1743 392 1808; x_wconf 82' lang='lat' dir='ltr'><strong>Alexandrum</strong></span> <span class='ocrx_word' id='word_1_113' title='bbox 408 1745 523 1796; x_wconf 82' lang='lat' dir='ltr'><strong>adducitur,</strong></span> <span class='ocrx_word' id='word_1_114' title='bbox 539 1756 552 1785; x_wconf 93' lang='lat' dir='ltr'><strong>a</strong></span> <span class='ocrx_word' id='word_1_115' title='bbox 566 1756 609 1796; x_wconf 80' lang='lat' dir='ltr'><strong>quo</strong></span> <span class='ocrx_word' id='word_1_116' title='bbox 624 1745 685 1788; x_wconf 81' lang='lat' dir='ltr'><strong>Darii</strong></span> <span class='ocrx_word' id='word_1_117' title='bbox 701 1745 760 1786; x_wconf 75' lang='lat' dir='ltr'><strong>tratri</strong></span> <span class='ocrx_word' id='word_1_118' title='bbox 774 1744 849 1786; x_wconf 85' lang='lat' dir='ltr'><strong>Oxatrl</strong></span> <span class='ocrx_word' id='word_1_119' title='bbox 864 1744 1016 1796; x_wconf 70' lang='lat' dir='ltr'><strong>oruddgendus</strong></span> <span class='ocrx_word' id='word_1_120' title='bbox 1029 1747 1071 1788; x_wconf 77' lang='lat' dir='ltr'><strong>ira·</strong></span> 
     </span>
     <span class='ocr_line' id='line_1_16' title="bbox 78 1809 118 1848; baseline 0.025 -1"><span class='ocrx_word' id='word_1_121' title='bbox 78 1809 118 1848; x_wconf 89' lang='lat' dir='ltr'><strong>tur.</strong></span> 
     </span>
    </p>
   </div>
   <div class='ocr_carea' id='block_1_6' title="bbox 50 1871 1073 2774">
    <p class='ocr_par' dir='ltr' id='par_1_10' title="bbox 52 1871 1071 1990">
     <span class='ocr_line' id='line_1_17' title="bbox 92 1871 1071 1929; baseline 0.002 -16"><span class='ocrx_word' id='word_1_122' title='bbox 92 1873 111 1913; x_wconf 81' lang='lat' dir='ltr'><strong>a</strong></span> <span class='ocrx_word' id='word_1_123' title='bbox 124 1871 265 1929; x_wconf 85' lang='lat' dir='ltr'><strong>Barbarorum</strong></span> <span class='ocrx_word' id='word_1_124' title='bbox 275 1875 298 1913; x_wconf 90' lang='lat' dir='ltr'><strong>et</strong></span> <span class='ocrx_word' id='word_1_125' title='bbox 305 1873 446 1914; x_wconf 85' lang='lat' dir='ltr'><strong>Maoedenum</strong></span> <span class='ocrx_word' id='word_1_126' title='bbox 454 1871 601 1916; x_wconf 77' lang='lat' dir='ltr'><strong>benevolendi</strong></span> <span class='ocrx_word' id='word_1_127' title='bbox 609 1875 677 1914; x_wconf 78' lang='lat' dir='ltr'><strong>sarias</strong></span> <span class='ocrx_word' id='word_1_128' title='bbox 685 1876 792 1925; x_wconf 81' lang='lat' dir='ltr'><strong>expugnat</strong></span> <span class='ocrx_word' id='word_1_129' title='bbox 804 1873 873 1915; x_wconf 83' lang='lat' dir='ltr'><strong>urbes</strong></span> <span class='ocrx_word' id='word_1_130' title='bbox 899 1872 940 1915; x_wconf 78' lang='lat' dir='ltr'><strong>Sed</strong></span> <span class='ocrx_word' id='word_1_131' title='bbox 949 1875 971 1915; x_wconf 89' lang='lat' dir='ltr'><strong>ot</strong></span> <span class='ocrx_word' id='word_1_132' title='bbox 978 1873 1071 1916; x_wconf 81' lang='lat' dir='ltr'><strong>Alexm·</strong></span> 
     </span>
     <span class='ocr_line' id='line_1_18' title="bbox 52 1931 899 1990; baseline 0.002 -12"><span class='ocrx_word' id='word_1_133' title='bbox 52 1937 123 1978; x_wconf 89' lang='lat' dir='ltr'><strong>driam</strong></span> <span class='ocrx_word' id='word_1_134' title='bbox 131 1938 159 1978; x_wconf 88' lang='lat' dir='ltr'><strong>ad</strong></span> <span class='ocrx_word' id='word_1_135' title='bbox 166 1937 254 1978; x_wconf 84' lang='lat' dir='ltr'><strong>Tanaim</strong></span> <span class='ocrx_word' id='word_1_136' title='bbox 263 1939 335 1979; x_wconf 87' lang='lat' dir='ltr'><strong>eondit</strong></span> <span class='ocrx_word' id='word_1_137' title='bbox 342 1949 434 1987; x_wconf 89' lang='lat' dir='ltr'><strong>amnem,</strong></span> <span class='ocrx_word' id='word_1_138' title='bbox 444 1931 609 1990; x_wconf 80' lang='lat' dir='ltr'><strong>brevissimoque</strong></span> <span class='ocrx_word' id='word_1_139' title='bbox 617 1940 719 1990; x_wconf 84' lang='lat' dir='ltr'><strong>temporis</strong></span> <span class='ocrx_word' id='word_1_140' title='bbox 726 1938 818 1982; x_wconf 80' lang='lat' dir='ltr'><strong>absolvit</strong></span> <span class='ocrx_word' id='word_1_141' title='bbox 826 1939 899 1990; x_wconf 88' lang='lat' dir='ltr'><strong>spatio.</strong></span> 
     </span>
    </p>

    <p class='ocr_par' dir='ltr' id='par_1_11' title="bbox 52 2001 1073 2248">
     <span class='ocr_line' id='line_1_19' title="bbox 92 2001 1070 2054; baseline 0.004 -12"><span class='ocrx_word' id='word_1_142' title='bbox 92 2001 111 2043; x_wconf 80' lang='lat' dir='ltr'><strong>l.</strong></span> <span class='ocrx_word' id='word_1_143' title='bbox 124 2001 159 2042; x_wconf 89' lang='lat' dir='ltr'><strong>De</strong></span> <span class='ocrx_word' id='word_1_144' title='bbox 167 2002 227 2042; x_wconf 87' lang='lat' dir='ltr'><strong>Bello</strong></span> <span class='ocrx_word' id='word_1_145' title='bbox 236 2002 320 2050; x_wconf 79' lang='lat' dir='ltr'><strong>Scythis</strong></span> <span class='ocrx_word' id='word_1_146' title='bbox 332 2001 440 2042; x_wconf 75' lang='lat' dir='ltr'><strong>inferendo</strong></span> <span class='ocrx_word' id='word_1_147' title='bbox 448 2003 568 2043; x_wconf 81' lang='lat' dir='ltr'><strong>Alexander</strong></span> <span class='ocrx_word' id='word_1_148' title='bbox 576 2013 630 2054; x_wconf 73' lang='lat' dir='ltr'><strong>eger</strong></span> <span class='ocrx_word' id='word_1_149' title='bbox 638 2013 665 2042; x_wconf 89' lang='lat' dir='ltr'><strong>ex</strong></span> <span class='ocrx_word' id='word_1_150' title='bbox 677 2002 766 2044; x_wconf 82' lang='lat' dir='ltr'><strong>vulnere</strong></span> <span class='ocrx_word' id='word_1_151' title='bbox 780 2013 830 2042; x_wconf 88' lang='lat' dir='ltr'><strong>oum</strong></span> <span class='ocrx_word' id='word_1_152' title='bbox 844 2003 887 2042; x_wconf 91' lang='lat' dir='ltr'><strong>suls</strong></span> <span class='ocrx_word' id='word_1_153' title='bbox 901 2004 941 2044; x_wconf 90' lang='lat' dir='ltr'><strong>init</strong></span> <span class='ocrx_word' id='word_1_154' title='bbox 949 2002 1070 2046; x_wconf 82' lang='lat' dir='ltr'><strong>eonsilium.</strong></span> 
     </span>
     <span class='ocr_line' id='line_1_20' title="bbox 52 2067 1071 2120; baseline 0 -12"><span class='ocrx_word' id='word_1_155' title='bbox 52 2067 182 2108; x_wconf 73' lang='lat' dir='ltr'><strong>Aristander</strong></span> <span class='ocrx_word' id='word_1_156' title='bbox 190 2069 249 2108; x_wconf 84' lang='lat' dir='ltr'><strong>vates</strong></span> <span class='ocrx_word' id='word_1_157' title='bbox 257 2068 320 2118; x_wconf 78' lang='lat' dir='ltr'><strong>Regis</strong></span> <span class='ocrx_word' id='word_1_158' title='bbox 328 2069 433 2110; x_wconf 85' lang='lat' dir='ltr'><strong>voluntati</strong></span> <span class='ocrx_word' id='word_1_159' title='bbox 440 2071 538 2108; x_wconf 85' lang='lat' dir='ltr'><strong>extorum</strong></span> <span class='ocrx_word' id='word_1_160' title='bbox 552 2069 696 2109; x_wconf 79' lang='lat' dir='ltr'><strong>summmedat</strong></span> <span class='ocrx_word' id='word_1_161' title='bbox 707 2067 829 2119; x_wconf 60' lang='lat' dir='ltr'><strong>signidem</strong></span> <span class='ocrx_word' id='word_1_162' title='bbox 853 2067 992 2108; x_wconf 80' lang='lat' dir='ltr'><strong>Menedemus</strong></span> <span class='ocrx_word' id='word_1_163' title='bbox 1000 2079 1013 2108; x_wconf 93' lang='lat' dir='ltr'><strong>a</strong></span> <span class='ocrx_word' id='word_1_164' title='bbox 1022 2067 1071 2120; x_wconf 73' lang='lat' dir='ltr'><strong>Spi-</strong></span> 
     </span>
     <span class='ocr_line' id='line_1_21' title="bbox 53 2133 1073 2184; baseline 0.001 -11"><span class='ocrx_word' id='word_1_165' title='bbox 53 2135 143 2174; x_wconf 84' lang='lat' dir='ltr'><strong>tamene</strong></span> <span class='ocrx_word' id='word_1_166' title='bbox 151 2143 188 2182; x_wconf 91' lang='lat' dir='ltr'><strong>per</strong></span> <span class='ocrx_word' id='word_1_167' title='bbox 196 2133 282 2172; x_wconf 77' lang='lat' dir='ltr'><strong>insidiae</strong></span> <span class='ocrx_word' id='word_1_168' title='bbox 290 2142 340 2172; x_wconf 86' lang='lat' dir='ltr'><strong>enm</strong></span> <span class='ocrx_word' id='word_1_169' title='bbox 348 2133 431 2174; x_wconf 87' lang='lat' dir='ltr'><strong>dnobus</strong></span> <span class='ocrx_word' id='word_1_170' title='bbox 442 2133 539 2184; x_wconf 88' lang='lat' dir='ltr'><strong>peditum</strong></span> <span class='ocrx_word' id='word_1_171' title='bbox 552 2133 647 2174; x_wconf 85' lang='lat' dir='ltr'><strong>millibus</strong></span> <span class='ocrx_word' id='word_1_172' title='bbox 655 2135 677 2172; x_wconf 85' lang='lat' dir='ltr'><strong>et</strong></span> <span class='ocrx_word' id='word_1_173' title='bbox 685 2134 784 2174; x_wconf 81' lang='lat' dir='ltr'><strong>tresentla</strong></span> <span class='ocrx_word' id='word_1_174' title='bbox 799 2133 905 2183; x_wconf 84' lang='lat' dir='ltr'><strong>equitibus</strong></span> <span class='ocrx_word' id='word_1_175' title='bbox 913 2133 1000 2176; x_wconf 81' lang='lat' dir='ltr'><strong>aDalsis</strong></span> <span class='ocrx_word' id='word_1_176' title='bbox 1008 2134 1073 2174; x_wconf 79' lang='lat' dir='ltr'><strong>inter·</strong></span> 
     </span>
     <span class='ocr_line' id='line_1_22' title="bbox 54 2197 678 2248; baseline 0 -10"><span class='ocrx_word' id='word_1_177' title='bbox 54 2199 141 2239; x_wconf 83' lang='lat' dir='ltr'><strong>licitur:</strong></span> <span class='ocrx_word' id='word_1_178' title='bbox 156 2199 212 2248; x_wconf 87' lang='lat' dir='ltr'><strong>quod</strong></span> <span class='ocrx_word' id='word_1_179' title='bbox 220 2197 293 2238; x_wconf 75' lang='lat' dir='ltr'><strong>eunde</strong></span> <span class='ocrx_word' id='word_1_180' title='bbox 302 2197 417 2238; x_wconf 75' lang='lat' dir='ltr'><strong>admodum</strong></span> <span class='ocrx_word' id='word_1_181' title='bbox 426 2197 544 2238; x_wconf 79' lang='lat' dir='ltr'><strong>dissimulet</strong></span> <span class='ocrx_word' id='word_1_182' title='bbox 552 2197 678 2239; x_wconf 83' lang='lat' dir='ltr'><strong>Alexander.</strong></span> 
     </span>
    </p>

    <p class='ocr_par' dir='ltr' id='par_1_12' title="bbox 52 2261 1073 2382">
     <span class='ocr_line' id='line_1_23' title="bbox 95 2261 1073 2314; baseline 0 -12"><span class='ocrx_word' id='word_1_183' title='bbox 95 2263 113 2304; x_wconf 83' lang='grc'><strong>8.</strong></span> <span class='ocrx_word' id='word_1_184' title='bbox 127 2262 188 2303; x_wconf 87' lang='lat' dir='ltr'><strong>de</strong></span> <span class='ocrx_word' id='word_1_185' title='bbox 202 2264 306 2303; x_wconf 84' lang='lat' dir='ltr'><strong>exereitus</strong></span> <span class='ocrx_word' id='word_1_186' title='bbox 319 2263 347 2303; x_wconf 90' lang='lat' dir='ltr'><strong>ad</strong></span> <span class='ocrx_word' id='word_1_187' title='bbox 359 2263 442 2304; x_wconf 90' lang='lat' dir='ltr'><strong>bellum</strong></span> <span class='ocrx_word' id='word_1_188' title='bbox 456 2263 577 2312; x_wconf 80' lang='lat' dir='ltr'><strong>aoeiugltur,</strong></span> <span class='ocrx_word' id='word_1_189' title='bbox 586 2263 713 2313; x_wconf 77' lang='lat' dir='ltr'><strong>Scytharum</strong></span> <span class='ocrx_word' id='word_1_190' title='bbox 727 2261 792 2313; x_wconf 78' lang='lat' dir='ltr'><strong>legati</strong></span> <span class='ocrx_word' id='word_1_191' title='bbox 804 2261 926 2312; x_wconf 81' lang='lat' dir='ltr'><strong>adveniunt,</strong></span> <span class='ocrx_word' id='word_1_192' title='bbox 940 2271 965 2303; x_wconf 88' lang='lat' dir='ltr'><strong>ae</strong></span> <span class='ocrx_word' id='word_1_193' title='bbox 977 2261 1004 2302; x_wconf 92' lang='lat' dir='ltr'><strong>de</strong></span> <span class='ocrx_word' id='word_1_194' title='bbox 1020 2269 1073 2314; x_wconf 81' lang='lat' dir='ltr'><strong>paee</strong></span> 
     </span>
     <span class='ocr_line' id='line_1_24' title="bbox 52 2327 666 2382; baseline -0.003 -12"><span class='ocrx_word' id='word_1_195' title='bbox 52 2329 145 2382; x_wconf 81' lang='lat' dir='ltr'><strong>prorsus</strong></span> <span class='ocrx_word' id='word_1_196' title='bbox 153 2329 260 2380; x_wconf 71' lang='lat' dir='ltr'><strong>egregiam</strong></span> <span class='ocrx_word' id='word_1_197' title='bbox 269 2328 295 2370; x_wconf 86' lang='lat' dir='ltr'><strong>ad</strong></span> <span class='ocrx_word' id='word_1_198' title='bbox 303 2328 448 2370; x_wconf 84' lang='lat' dir='ltr'><strong>Alexandrum</strong></span> <span class='ocrx_word' id='word_1_199' title='bbox 456 2329 572 2370; x_wconf 87' lang='lat' dir='ltr'><strong>oratiouem</strong></span> <span class='ocrx_word' id='word_1_200' title='bbox 580 2327 666 2370; x_wconf 82' lang='lat' dir='ltr'><strong>habant</strong></span> 
     </span>
    </p>

    <p class='ocr_par' dir='ltr' id='par_1_13' title="bbox 52 2391 1072 2512">
     <span class='ocr_line' id='line_1_25' title="bbox 92 2391 1072 2445; baseline 0.001 -10"><span class='ocrx_word' id='word_1_201' title='bbox 92 2395 111 2435; x_wconf 80' lang='grc'><strong>9.</strong></span> <span class='ocrx_word' id='word_1_202' title='bbox 126 2393 247 2434; x_wconf 80' lang='lat' dir='ltr'><strong>Alexander</strong></span> <span class='ocrx_word' id='word_1_203' title='bbox 261 2393 334 2444; x_wconf 82' lang='lat' dir='ltr'><strong>legatis</strong></span> <span class='ocrx_word' id='word_1_204' title='bbox 347 2393 439 2434; x_wconf 86' lang='lat' dir='ltr'><strong>dimissis</strong></span> <span class='ocrx_word' id='word_1_205' title='bbox 453 2393 543 2433; x_wconf 79' lang='lat' dir='ltr'><strong>Tanaim</strong></span> <span class='ocrx_word' id='word_1_206' title='bbox 556 2393 637 2444; x_wconf 71' lang='lat' dir='ltr'><strong>trullelt,</strong></span> <span class='ocrx_word' id='word_1_207' title='bbox 654 2392 734 2434; x_wconf 91' lang='lat' dir='ltr'><strong>bellum</strong></span> <span class='ocrx_word' id='word_1_208' title='bbox 750 2392 835 2445; x_wconf 79' lang='lat' dir='ltr'><strong>Soythis</strong></span> <span class='ocrx_word' id='word_1_209' title='bbox 851 2391 925 2444; x_wconf 57' lang='lat' dir='ltr'><strong>infern</strong></span> <span class='ocrx_word' id='word_1_210' title='bbox 944 2403 994 2434; x_wconf 87' lang='lat' dir='ltr'><strong>oum</strong></span> <span class='ocrx_word' id='word_1_211' title='bbox 1009 2394 1072 2436; x_wconf 66' lang='lat' dir='ltr'><strong>uota</strong></span> 
     </span>
     <span class='ocr_line' id='line_1_26' title="bbox 52 2460 207 2512; baseline 0 -12"><span class='ocrx_word' id='word_1_212' title='bbox 52 2460 149 2512; x_wconf 80' lang='lat' dir='ltr'><strong>benigue</strong></span> <span class='ocrx_word' id='word_1_213' title='bbox 158 2461 207 2512; x_wconf 79' lang='lat' dir='ltr'><strong>agit</strong></span> 
     </span>
    </p>

    <p class='ocr_par' dir='ltr' id='par_1_14' title="bbox 50 2523 1072 2633">
     <span class='ocr_line' id='line_1_27' title="bbox 93 2523 1072 2576; baseline 0.003 -11"><span class='ocrx_word' id='word_1_214' title='bbox 93 2526 125 2566; x_wconf 84' lang='lat' dir='ltr'><strong>ld.</strong></span> <span class='ocrx_word' id='word_1_215' title='bbox 138 2525 292 2576; x_wconf 71' lang='lat' dir='ltr'><strong>Sogdianorum</strong></span> <span class='ocrx_word' id='word_1_216' title='bbox 299 2523 404 2566; x_wconf 86' lang='lat' dir='ltr'><strong>nobilium</strong></span> <span class='ocrx_word' id='word_1_217' title='bbox 412 2525 505 2566; x_wconf 82' lang='lat' dir='ltr'><strong>inriotos</strong></span> <span class='ocrx_word' id='word_1_218' title='bbox 513 2524 601 2566; x_wconf 82' lang='lat' dir='ltr'><strong>suimus</strong></span> <span class='ocrx_word' id='word_1_219' title='bbox 628 2523 687 2565; x_wconf 82' lang='lat' dir='ltr'><strong>Bessi</strong></span> <span class='ocrx_word' id='word_1_220' title='bbox 698 2523 840 2576; x_wconf 87' lang='lat' dir='ltr'><strong>snpplleium.</strong></span> <span class='ocrx_word' id='word_1_221' title='bbox 853 2533 909 2565; x_wconf 84' lang='lat' dir='ltr'><strong>noro</strong></span> <span class='ocrx_word' id='word_1_222' title='bbox 917 2523 987 2566; x_wconf 82' lang='lat' dir='ltr'><strong>milite</strong></span> <span class='ocrx_word' id='word_1_223' title='bbox 996 2527 1072 2568; x_wconf 75' lang='lat' dir='ltr'><strong>aroma</strong></span> 
     </span>
     <span class='ocr_line' id='line_1_28' title="bbox 50 2592 288 2633; baseline -0.004 0"><span class='ocrx_word' id='word_1_224' title='bbox 50 2592 172 2633; x_wconf 88' lang='lat' dir='ltr'><strong>Alexandri</strong></span> <span class='ocrx_word' id='word_1_225' title='bbox 178 2592 288 2632; x_wconf 86' lang='lat' dir='ltr'><strong>exereitus.</strong></span> 
     </span>
    </p>

    <p class='ocr_par' dir='ltr' id='par_1_15' title="bbox 50 2653 1071 2774">
     <span class='ocr_line' id='line_1_29' title="bbox 93 2653 1071 2708; baseline 0.002 -12"><span class='ocrx_word' id='word_1_226' title='bbox 93 2655 124 2696; x_wconf 90' lang='lat'><strong>11.</strong></span> <span class='ocrx_word' id='word_1_227' title='bbox 138 2655 223 2696; x_wconf 87' lang='lat' dir='ltr'><strong>Petram</strong></span> <span class='ocrx_word' id='word_1_228' title='bbox 232 2655 306 2696; x_wconf 83' lang='lat' dir='ltr'><strong>urbem</strong></span> <span class='ocrx_word' id='word_1_229' title='bbox 315 2654 472 2707; x_wconf 83' lang='lat' dir='ltr'><strong>amplissimam,</strong></span> <span class='ocrx_word' id='word_1_230' title='bbox 482 2655 525 2696; x_wconf 86' lang='lat' dir='ltr'><strong>situ</strong></span> <span class='ocrx_word' id='word_1_231' title='bbox 539 2654 657 2708; x_wconf 80' lang='lat' dir='ltr'><strong>nabrrtque</strong></span> <span class='ocrx_word' id='word_1_232' title='bbox 665 2653 706 2700; x_wconf 78' lang='lat' dir='ltr'><strong>iod</strong></span> <span class='ocrx_word' id='word_1_233' title='bbox 720 2655 764 2696; x_wconf 78' lang='lat' dir='ltr'><strong>iere</strong></span> <span class='ocrx_word' id='word_1_234' title='bbox 776 2655 969 2707; x_wconf 74' lang='lat' dir='ltr'><strong>inexpugnabilem,</strong></span> <span class='ocrx_word' id='word_1_235' title='bbox 977 2656 1004 2698; x_wconf 90' lang='lat' dir='ltr'><strong>ad</strong></span> <span class='ocrx_word' id='word_1_236' title='bbox 1012 2655 1071 2698; x_wconf 82' lang='lat' dir='ltr'><strong>dedi-</strong></span> 
     </span>
     <span class='ocr_line' id='line_1_30' title="bbox 50 2721 336 2774; baseline -0.007 -10"><span class='ocrx_word' id='word_1_237' title='bbox 50 2724 138 2764; x_wconf 82' lang='lat' dir='ltr'><strong>tionem</strong></span> <span class='ocrx_word' id='word_1_238' title='bbox 146 2722 203 2774; x_wconf 80' lang='lat' dir='ltr'><strong>ooglt</strong></span> <span class='ocrx_word' id='word_1_239' title='bbox 210 2721 336 2763; x_wconf 79' lang='lat' dir='ltr'><strong>Alexander.</strong></span> 
     </span>
    </p>
   </div>
   <div class='ocr_carea' id='block_1_7' title="bbox 50 2881 1091 3908">
    <p class='ocr_par' dir='ltr' id='par_1_16' title="bbox 50 2881 1091 3908">
     <span class='ocr_line' id='line_1_31' title="bbox 119 2881 1070 2961; baseline 0 -21"><span class='ocrx_word' id='word_1_240' title='bbox 119 2882 146 2942; x_wconf 91' lang='lat'><strong>1.</strong></span> <span class='ocrx_word' id='word_1_241' title='bbox 173 2886 196 2940; x_wconf 89' lang='lat' dir='ltr'><strong>l.</strong></span> <span class='ocrx_word' id='word_1_242' title='bbox 218 2882 389 2956; x_wconf 76' lang='lat' dir='ltr'><strong>Prurorssr,</strong></span> <span class='ocrx_word' id='word_1_243' title='bbox 414 2881 491 2942; x_wconf 89' lang='lat' dir='ltr'><strong>siout</strong></span> <span class='ocrx_word' id='word_1_244' title='bbox 511 2883 676 2942; x_wconf 76' lang='lat' dir='ltr'><strong>recentibus</strong></span> <span class='ocrx_word' id='word_1_245' title='bbox 699 2881 818 2940; x_wconf 74' lang='lat' dir='ltr'><strong>sceleris</strong></span> <span class='ocrx_word' id='word_1_246' title='bbox 842 2882 907 2958; x_wconf 86' lang='lat' dir='ltr'><strong>ejus</strong></span> <span class='ocrx_word' id='word_1_247' title='bbox 930 2881 1070 2961; x_wconf 86' lang='lat' dir='ltr'><strong>vestigiis,</strong></span> 
     </span>
     <span class='ocr_line' id='line_1_32' title="bbox 60 2975 1068 3056; baseline 0.006 -22"><span class='ocrx_word' id='word_1_248' title='bbox 60 2981 133 3056; x_wconf 87' lang='lat' dir='ltr'><strong>jure</strong></span> <span class='ocrx_word' id='word_1_249' title='bbox 147 2975 282 3034; x_wconf 76' lang='lat' dir='ltr'><strong>affectum</strong></span> <span class='ocrx_word' id='word_1_250' title='bbox 296 2975 437 3052; x_wconf 81' lang='lat' dir='ltr'><strong>supplicio</strong></span> <span class='ocrx_word' id='word_1_251' title='bbox 452 2983 622 3035; x_wconf 75' lang='lat' dir='ltr'><strong>censuerant</strong></span> <span class='ocrx_word' id='word_1_252' title='bbox 635 2975 762 3052; x_wconf 84' lang='lat' dir='ltr'><strong>milites;</strong></span> <span class='ocrx_word' id='word_1_253' title='bbox 792 2975 844 3050; x_wconf 76' lang='lat' dir='ltr'><strong>its,</strong></span> <span class='ocrx_word' id='word_1_254' title='bbox 858 2982 1009 3056; x_wconf 88' lang='lat' dir='ltr'><strong>postquam</strong></span> <span class='ocrx_word' id='word_1_255' title='bbox 1022 2977 1068 3040; x_wconf 89' lang='lat' dir='ltr'><strong>de·</strong></span> 
     </span>
     <span class='ocr_line' id='line_1_33' title="bbox 50 3069 1068 3148; baseline 0.002 -16"><span class='ocrx_word' id='word_1_256' title='bbox 50 3073 150 3133; x_wconf 87' lang='lat' dir='ltr'><strong>sierat</strong></span> <span class='ocrx_word' id='word_1_257' title='bbox 172 3088 244 3144; x_wconf 86' lang='lat' dir='ltr'><strong>esse,</strong></span> <span class='ocrx_word' id='word_1_258' title='bbox 264 3087 351 3148; x_wconf 86' lang='lat' dir='ltr'><strong>quem</strong></span> <span class='ocrx_word' id='word_1_259' title='bbox 375 3069 513 3144; x_wconf 87' lang='lat' dir='ltr'><strong>odissent,</strong></span> <span class='ocrx_word' id='word_1_260' title='bbox 537 3071 648 3130; x_wconf 83' lang='lat' dir='ltr'><strong>invidia</strong></span> <span class='ocrx_word' id='word_1_261' title='bbox 667 3069 698 3128; x_wconf 89' lang='lat' dir='ltr'><strong>in</strong></span> <span class='ocrx_word' id='word_1_262' title='bbox 720 3070 946 3132; x_wconf 76' lang='lat' dir='ltr'><strong>misericordiam</strong></span> <span class='ocrx_word' id='word_1_263' title='bbox 970 3074 1068 3134; x_wconf 83' lang='lat' dir='ltr'><strong>vertit.</strong></span> 
     </span>
     <span class='ocr_line' id='line_1_34' title="bbox 52 3163 1070 3247; baseline 0.001 -20"><span class='ocrx_word' id='word_1_264' title='bbox 52 3167 196 3227; x_wconf 86' lang='lat' dir='ltr'><strong>Moverat</strong></span> <span class='ocrx_word' id='word_1_265' title='bbox 219 3171 250 3224; x_wconf 88' lang='lat' dir='ltr'><strong>et</strong></span> <span class='ocrx_word' id='word_1_266' title='bbox 276 3163 393 3222; x_wconf 86' lang='lat' dir='ltr'><strong>elaritas</strong></span> <span class='ocrx_word' id='word_1_267' title='bbox 412 3165 537 3241; x_wconf 86' lang='lat' dir='ltr'><strong>juvenis,</strong></span> <span class='ocrx_word' id='word_1_268' title='bbox 561 3171 592 3222; x_wconf 88' lang='lat' dir='ltr'><strong>et</strong></span> <span class='ocrx_word' id='word_1_269' title='bbox 619 3165 710 3241; x_wconf 88' lang='lat' dir='ltr'><strong>patris</strong></span> <span class='ocrx_word' id='word_1_270' title='bbox 739 3166 802 3242; x_wconf 85' lang='lat' dir='ltr'><strong>ojus</strong></span> <span class='ocrx_word' id='word_1_271' title='bbox 826 3174 959 3227; x_wconf 81' lang='lat' dir='ltr'><strong>aenesius</strong></span> <span class='ocrx_word' id='word_1_272' title='bbox 983 3176 1070 3247; x_wconf 83' lang='lat' dir='ltr'><strong>atque</strong></span> 
     </span>
     <span class='ocr_line' id='line_1_35' title="bbox 52 3258 1069 3342; baseline 0.001 -22"><span class='ocrx_word' id='word_1_273' title='bbox 52 3261 177 3320; x_wconf 84' lang='lat' dir='ltr'><strong>orbitas.</strong></span> <span class='ocrx_word' id='word_1_274' title='bbox 227 3259 347 3318; x_wconf 84' lang='lat' dir='ltr'><strong>Primus</strong></span> <span class='ocrx_word' id='word_1_275' title='bbox 368 3258 473 3318; x_wconf 88' lang='lat' dir='ltr'><strong>Asiam</strong></span> <span class='ocrx_word' id='word_1_276' title='bbox 494 3265 645 3336; x_wconf 84' lang='lat' dir='ltr'><strong>aperuerat</strong></span> <span class='ocrx_word' id='word_1_277' title='bbox 668 3259 754 3338; x_wconf 83' lang='lat' dir='ltr'><strong>Regi,</strong></span> <span class='ocrx_word' id='word_1_278' title='bbox 777 3263 905 3322; x_wconf 86' lang='lat' dir='ltr'><strong>omnium</strong></span> <span class='ocrx_word' id='word_1_279' title='bbox 929 3263 1069 3342; x_wconf 76' lang='lat' dir='ltr'><strong>periculo·</strong></span> 
     </span>
     <span class='ocr_line' id='line_1_36' title="bbox 51 3353 1068 3432; baseline -0.004 -14"><span class='ocrx_word' id='word_1_280' title='bbox 51 3376 124 3418; x_wconf 84' lang='lat' dir='ltr'><strong>rum</strong></span> <span class='ocrx_word' id='word_1_281' title='bbox 147 3357 211 3432; x_wconf 89' lang='lat' dir='ltr'><strong>ejus</strong></span> <span class='ocrx_word' id='word_1_282' title='bbox 223 3355 386 3432; x_wconf 79' lang='lat' dir='ltr'><strong>particeps:</strong></span> <span class='ocrx_word' id='word_1_283' title='bbox 408 3372 523 3432; x_wconf 86' lang='lat' dir='ltr'><strong>semper</strong></span> <span class='ocrx_word' id='word_1_284' title='bbox 536 3353 678 3414; x_wconf 87' lang='lat' dir='ltr'><strong>¹alterum</strong></span> <span class='ocrx_word' id='word_1_285' title='bbox 698 3355 729 3414; x_wconf 93' lang='lat' dir='ltr'><strong>in</strong></span> <span class='ocrx_word' id='word_1_286' title='bbox 751 3357 812 3416; x_wconf 87' lang='lat' dir='ltr'><strong>aeie</strong></span> <span class='ocrx_word' id='word_1_287' title='bbox 826 3377 916 3417; x_wconf 88' lang='lat' dir='ltr'><strong>oornu</strong></span> <span class='ocrx_word' id='word_1_288' title='bbox 936 3356 1068 3416; x_wconf 77' lang='lat' dir='ltr'><strong>defende·</strong></span> 
     </span>
     <span class='ocr_line' id='line_1_37' title="bbox 52 3447 1070 3529; baseline -0.003 -20"><span class='ocrx_word' id='word_1_289' title='bbox 52 3457 125 3509; x_wconf 83' lang='lat' dir='ltr'><strong>rat:</strong></span> <span class='ocrx_word' id='word_1_290' title='bbox 147 3449 284 3526; x_wconf 88' lang='lat' dir='ltr'><strong>Philippo</strong></span> <span class='ocrx_word' id='word_1_291' title='bbox 297 3467 412 3528; x_wconf 87' lang='lat' dir='ltr'><strong>quoque</strong></span> <span class='ocrx_word' id='word_1_292' title='bbox 436 3454 503 3512; x_wconf 82' lang='lat' dir='ltr'><strong>aute</strong></span> <span class='ocrx_word' id='word_1_293' title='bbox 517 3467 616 3507; x_wconf 88' lang='lat' dir='ltr'><strong>omnes</strong></span> <span class='ocrx_word' id='word_1_294' title='bbox 638 3449 755 3526; x_wconf 79' lang='lat' dir='ltr'><strong>amisus,</strong></span> <span class='ocrx_word' id='word_1_295' title='bbox 777 3458 808 3510; x_wconf 87' lang='lat' dir='ltr'><strong>et</strong></span> <span class='ocrx_word' id='word_1_296' title='bbox 828 3451 886 3529; x_wconf 87' lang='lat' dir='ltr'><strong>ipsi</strong></span> <span class='ocrx_word' id='word_1_297' title='bbox 899 3447 1070 3509; x_wconf 83' lang='lat' dir='ltr'><strong>Alexandro</strong></span> 
     </span>
     <span class='ocr_line' id='line_1_38' title="bbox 54 3539 1091 3617; baseline -0.005 -15"><span class='ocrx_word' id='word_1_298' title='bbox 54 3553 121 3602; x_wconf 87' lang='lat' dir='ltr'><strong>tam</strong></span> <span class='ocrx_word' id='word_1_299' title='bbox 133 3543 218 3617; x_wconf 85' lang='lat' dir='ltr'><strong>fidus,</strong></span> <span class='ocrx_word' id='word_1_300' title='bbox 232 3549 266 3600; x_wconf 87' lang='lat' dir='ltr'><strong>ut</strong></span> <span class='ocrx_word' id='word_1_301' title='bbox 279 3542 428 3602; x_wconf 83' lang='lat' dir='ltr'><strong>oeoidendi</strong></span> <span class='ocrx_word' id='word_1_302' title='bbox 447 3543 584 3602; x_wconf 84' lang='lat' dir='ltr'><strong>Attalum</strong></span> <span class='ocrx_word' id='word_1_303' title='bbox 597 3563 655 3604; x_wconf 88' lang='lat' dir='ltr'><strong>nou</strong></span> <span class='ocrx_word' id='word_1_304' title='bbox 679 3543 736 3603; x_wconf 86' lang='lat' dir='ltr'><strong>ulio</strong></span> <span class='ocrx_word' id='word_1_305' title='bbox 750 3544 884 3603; x_wconf 88' lang='lat' dir='ltr'><strong>ministro</strong></span> <span class='ocrx_word' id='word_1_306' title='bbox 898 3542 945 3600; x_wconf 89' lang='lat' dir='ltr'><strong>uti</strong></span> <span class='ocrx_word' id='word_1_307' title='bbox 957 3539 1071 3600; x_wconf 85' lang='lat' dir='ltr'><strong>mallet.</strong></span> <span class='ocrx_word' id='word_1_308' title='bbox 1085 3603 1091 3612; x_wconf 52' lang='grc'><strong>,</strong></span> 
     </span>
     <span class='ocr_line' id='line_1_39' title="bbox 56 3637 1071 3715; baseline -0.005 -16"><span class='ocrx_word' id='word_1_309' title='bbox 56 3639 178 3699; x_wconf 89' lang='lat' dir='ltr'><strong>Horum</strong></span> <span class='ocrx_word' id='word_1_310' title='bbox 198 3637 334 3715; x_wconf 82' lang='lat' dir='ltr'><strong>cogitatio</strong></span> <span class='ocrx_word' id='word_1_311' title='bbox 353 3637 471 3699; x_wconf 85' lang='lat' dir='ltr'><strong>subibat</strong></span> <span class='ocrx_word' id='word_1_312' title='bbox 492 3639 661 3714; x_wconf 83' lang='lat' dir='ltr'><strong>exereitum,</strong></span> <span class='ocrx_word' id='word_1_313' title='bbox 687 3639 891 3714; x_wconf 73' lang='lat' dir='ltr'><strong>seditiosaeque</strong></span> <span class='ocrx_word' id='word_1_314' title='bbox 916 3651 1002 3693; x_wconf 81' lang='lat' dir='ltr'><strong>rooes</strong></span> <span class='ocrx_word' id='word_1_315' title='bbox 1030 3653 1071 3694; x_wconf 87' lang='lat' dir='ltr'><strong>re·</strong></span> 
     </span>
     <span class='ocr_line' id='line_1_40' title="bbox 56 3729 1073 3812; baseline -0.001 -18"><span class='ocrx_word' id='word_1_316' title='bbox 56 3735 229 3794; x_wconf 81' lang='lat' dir='ltr'><strong>ferebantur</strong></span> <span class='ocrx_word' id='word_1_317' title='bbox 242 3732 280 3791; x_wconf 89' lang='lat' dir='ltr'><strong>ad</strong></span> <span class='ocrx_word' id='word_1_318' title='bbox 303 3732 431 3810; x_wconf 83' lang='lat' dir='ltr'><strong>Regem:</strong></span> <span class='ocrx_word' id='word_1_319' title='bbox 451 3734 534 3812; x_wconf 86' lang='lat' dir='ltr'><strong>queis</strong></span> <span class='ocrx_word' id='word_1_320' title='bbox 549 3734 600 3792; x_wconf 88' lang='lat' dir='ltr'><strong>ille</strong></span> <span class='ocrx_word' id='word_1_321' title='bbox 614 3733 694 3792; x_wconf 86' lang='lat' dir='ltr'><strong>haud</strong></span> <span class='ocrx_word' id='word_1_322' title='bbox 718 3733 788 3790; x_wconf 82' lang='lat' dir='ltr'><strong>saud</strong></span> <span class='ocrx_word' id='word_1_323' title='bbox 802 3737 908 3804; x_wconf 88' lang='lat' dir='ltr'><strong>motus,</strong></span> <span class='ocrx_word' id='word_1_324' title='bbox 924 3729 1073 3811; x_wconf 86' lang='lat' dir='ltr'><strong>&#39;satisque</strong></span> 
     </span>
     <span class='ocr_line' id='line_1_41' title="bbox 58 3824 1073 3908; baseline 0.001 -20"><span class='ocrx_word' id='word_1_325' title='bbox 58 3828 197 3908; x_wconf 82' lang='lat' dir='ltr'><strong>prudens</strong></span> <span class='ocrx_word' id='word_1_326' title='bbox 214 3828 267 3887; x_wconf 86' lang='lat' dir='ltr'><strong>otii</strong></span> <span class='ocrx_word' id='word_1_327' title='bbox 288 3827 362 3887; x_wconf 75' lang='lat' dir='ltr'><strong>vitia</strong></span> <span class='ocrx_word' id='word_1_328' title='bbox 385 3824 500 3905; x_wconf 81' lang='lat' dir='ltr'><strong>negotia</strong></span> <span class='ocrx_word' id='word_1_329' title='bbox 515 3827 632 3901; x_wconf 78' lang='lat' dir='ltr'><strong>discuti,</strong></span> <span class='ocrx_word' id='word_1_330' title='bbox 647 3826 738 3906; x_wconf 78' lang='lat' dir='ltr'><strong>edicit</strong></span> <span class='ocrx_word' id='word_1_331' title='bbox 758 3832 793 3882; x_wconf 91' lang='lat' dir='ltr'><strong>ut</strong></span> <span class='ocrx_word' id='word_1_332' title='bbox 814 3843 914 3886; x_wconf 87' lang='lat' dir='ltr'><strong>omnes</strong></span> <span class='ocrx_word' id='word_1_333' title='bbox 936 3825 967 3886; x_wconf 90' lang='lat' dir='ltr'><strong>iu</strong></span> <span class='ocrx_word' id='word_1_334' title='bbox 988 3827 1073 3888; x_wconf 83' lang='lat' dir='ltr'><strong>vesti·</strong></span> 
     </span>
    </p>
   </div>
   <div class='ocr_carea' id='block_1_8' title="bbox 0 0 1264 4390">
    <p class='ocr_par' dir='ltr' id='par_1_17' title="bbox 0 0 1264 4390">
     <span class='ocr_line' id='line_1_42' title="bbox 0 0 1264 4390; baseline 0 0"><span class='ocrx_word' id='word_1_335' title='bbox 0 0 1264 4390; x_wconf 95' lang='lat' dir='ltr'><strong> </strong></span> 
     </span>
    </p>
   </div>
  </div>
 </body>
</html>
