2520 4390
157 351 198 417 08
507 322 575 420 ott-1*
581 343 885 440 aarum&

158 525 248 570 cornu
272 505 451 566 ”demittere
475 505 494 536 ¹⁸
502 505 641 584 agitabat,
666 504 752 564 mcdt
774 505 857 563 reate
879 503 974 564 fronte
998 521 1186 562 concurrere

158 603 252 664 hosti:
273 601 419 662 interddm
440 601 575 662 hesitare
597 602 615 630 ¹⁷
626 619 663 659 an
682 601 782 678 petitis
804 599 835 658 in
853 599 959 660 laevane
981 599 1183 678 detorqueret

159 717 269 776 agmen.
313 697 443 758 Tandem
464 704 620 776 gravatum
644 696 732 754 animi
751 695 904 756 anxietate
924 713 1030 773 eorpus
1056 694 1182 753 ¹⁸nltior

159 811 276 854 wmuus
289 794 441 871 oppressit.
986 785 989 792 ¹

218 893 265 948 51.
306 889 435 966 Jamque
459 888 523 946 luce
543 889 618 960 ortt,
634 885 722 944 duces
735 884 773 944 sd
787 884 952 962 accipienda
972 884 1097 962 imparia
1112 903 1181 942 con·
1237 886 1240 902 '

159 991 307 1056 venerant,
321 982 439 1040 insolito
453 981 531 1040 eirea
550 981 720 1059 praetorium
744 979 861 1040 silentio
885 979 1011 1039 attoniti.
1055 977 1180 1057 Quippe

160 1076 234 1136 alie·
247 1095 394 1137 accersere
407 1078 496 1156 ipsos,
512 1083 543 1136 et
555 1076 704 1134 interddm
724 1081 870 1134 morantes
885 1075 1180 1152 castigareassueve-

159 1180 214 1234 rat
257 1171 339 1231 Tunc
352 1193 389 1232 ne
398 1173 501 1232 ultimo
515 1171 633 1252 quidem
646 1191 743 1230 rerum
757 1170 923 1230 discrimine
934 1171 1098 1230 excitatum
1111 1189 1181 1228 esse

159 1267 346 1343 mirabantur,
357 1275 387 1328 et
396 1287 454 1328 non
468 1286 567 1328 somno
581 1267 738 1345 quiescere,
751 1266 802 1325 sed
815 1285 920 1343 pavore
933 1283 1062 1324 mernere
1078 1265 1181 1324 crede·

159 1363 237 1425 baut.
280 1364 310 1424 N
312 1383 349 1424 cn
363 1372 459 1424 tamen
473 1364 626 1443 quisquam
638 1383 655 1423 e
668 1361 838 1421 custodibus
858 1361 985 1439 corporis
1007 1361 1120 1420 intrare
1137 1368 1179 1420 ta-

159 1459 346 1522 bernaculum
358 1460 491 1533 audebat,
504 1465 534 1518 et
544 1460 606 1534 jam
616 1463 730 1534 tempus
741 1457 884 1532 instabet3
899 1475 952 1516 nec
962 1455 1047 1514 miles
1057 1454 1180 1533 injussu

160 1554 252 1630 ducis,
266 1563 317 1614 aut
330 1573 410 1613 arma
424 1571 526 1630 capere
545 1558 670 1628 poterat,
685 1551 780 1608 autin
794 1551 910 1610 ordines
930 1552 981 1610 ire.
1023 1551 1090 1610 Did
1105 1553 1179 1611 Par·

159 1649 255 1708 menio
269 1655 429 1720 mactatus,
441 1647 537 1706 cibum
550 1653 585 1702 ut
599 1653 744 1722 caperent,
761 1646 853 1724 ”ipse
866 1646 1048 1724 pronunciat.
1094 1647 1177 1705 Jam-
1253 1627 1254 1634 ἵ

159 1761 216 1822 que
230 1743 310 1800 exire
323 1760 439 1800 necesse
453 1747 530 1798 erat:
552 1747 621 1798 tunc
636 1739 752 1798 demdm
769 1741 862 1800 intrat
881 1741 1112 1818 tabernaculum,
1125 1762 1175 1801 sac
1253 1765 1254 1768 ¹

159 1837 286 1916 piusque
299 1836 415 1894 nomine
434 1834 649 1912 compellatum,
664 1838 728 1894 ciam
743 1855 813 1895 voce
826 1855 886 1894 non
905 1843 1012 1914 posset,
1027 1843 1114 1896 tectu
1127 1858 1173 1896 ex·

160 1930 270 1990 citavit.
313 1933 331 1963 “
342 1929 439 1988 Multa
449 1929 528 2004 lus,”
539 1929 643 2008 inquit,
656 1932 673 1962 “
683 1937 736 1988 est.
779 1931 958 1990 Instructam
972 1932 1064 1990 aciem
1077 1931 1175 1991 hostis

160 2024 306 2084 admovit:
328 2031 396 2083 tuus
410 2023 493 2082 miles
504 2023 730 2084 adhuc-inermis
745 2031 894 2102 exspectat
908 2025 1069 2104 imperium.
1114 2027 1176 2087 Ubi

160 2127 206 2180 est
218 2119 302 2200 vigor
316 2119 366 2178 ille
389 2119 479 2178 animi
493 2119 560 2178 tui?
580 2118 683 2196 nempe
708 2119 835 2178 excitare
848 2120 953 2198 vigiles
977 2119 1082 2179 soles.’²
1123 2123 1174 2181 Ad

160 2217 222 2278 haec
233 2215 417 2276 Alexander:
439 2217 456 2250 ‘¹
468 2214 609 2276 Credisne
619 2235 665 2274 me
674 2215 757 2292 pride
772 2235 903 2274 somnum
917 2235 1019 2292 capere
1032 2217 1173 2294 potuisse,

160 2315 249 2392 qudm
263 2331 449 2372 exonerarem
460 2311 590 2369 animum
603 2309 808 2384 sollicitudine,
823 2329 889 2388 quae
902 2311 1029 2389 quietam
1041 2313 1173 2373 moraba-

160 2415 211 2466 tur
221 2409 234 2465 ἲ
243 2409 259 2440 ”
281 2409 452 2484 signumque
465 2392 570 2482 pug'nae
584 2405 657 2466 tuba
671 2405 734 2463 dari
745 2405 842 2482 jussit.
887 2405 928 2464 llt
942 2407 1010 2464 crim
1024 2406 1055 2464 in
1070 2408 1172 2467 eadem

160 2500 351 2560 minuatione
373 2499 530 2556 Parmenio
544 2507 761 2574 perseveraret:
783 2503 800 2534 “
811 2499 960 2578 Minime,’'
975 2502 1079 2581 inquit,
1095 2507 1112 2536 “
1122 2505 1171 2562 mi-

160 2614 226 2656 rum
240 2601 292 2652 est.
336 2593 400 2670 Ego
415 2592 500 2666 enim,
516 2593 584 2650 adm
599 2592 707 2652 Darius
721 2601 815 2655 terras
828 2597 1026 2672 meretrices
1040 2599 1171 2658 excinde·
1253 2641 1254 2674 ,

160 2697 215 2765 ret,
227 2689 364 2750 alimenta
376 2695 582 2766 corrumperet,
596 2687 793 2765 ”potensmei
806 2710 961 2750 noueram.
1004 2691 1092 2752 Nunc
1101 2697 1171 2754 rard
1253 2679 1254 2684 ἵ

160 2787 232 2866 quid
254 2791 391 2858 metuam,
416 2783 483 2844 edm
507 2783 568 2842 ecia
592 2783 744 2844 decernere
771 2785 875 2862 paret?
917 2787 1047 2846 Hercule
1070 2796 1171 2851 votum

160 2901 257 2940 meum
270 2881 417 2958 implavit,
439 2879 491 2939 sed
504 2879 592 2957 hujus
606 2899 720 2960 quoque
737 2881 852 2941 consilii
865 2883 941 2942 ratio
955 2883 1058 2961 postet
1072 2885 1170 2944 redde

161 2984 219 3038 tur.
261 2975 325 3035 Vos
339 2977 380 3034 ite
394 2975 431 3034 ed
445 2976 552 3053 copias,
566 2976 672 3055 quibus
685 2976 808 3055 quisque
821 2985 945 3054 praeest:
966 2999 1018 3057 ego
1030 2981 1092 3056 jam
1106 2981 1169 3040 ade·

161 3090 204 3145 ro,
216 3076 246 3128 et
255 3070 326 3148 quid
335 3070 399 3129 ficri
408 3069 505 3145 velim,
517 3071 686 3148 exponam.’'
726 3071 833 3132 ²¹Rard
843 3073 1010 3149 admcddm,
1022 3075 1170 3135 admonitu

161 3165 254 3244 magis
267 3165 422 3224 amicorum
435 3167 524 3243 quam
536 3173 617 3226 metu
631 3166 806 3226 discriminis
819 3168 898 3246 quod
918 3167 1084 3228 adeundum
1098 3181 1169 3246 erat,

161 3263 207 3322 uti
220 3259 344 3320 'solebat
369 3260 546 3343 munimento
574 3263 721 3340 corporis:
742 3271 805 3322 tum
832 3283 946 3344 quoque
970 3273 1093 3344 sumptos
1107 3287 1167 3344 pro

163 3357 251 3420 cessit
264 3356 302 3415 ad
314 3354 431 3414 milites.
474 3355 566 3440 Haud
586 3355 659 3416 alias
674 3365 734 3416 tam
754 3357 878 3419 alacrem
891 3361 1026 3420 viderant
1039 3361 1167 3440 Regem,

163 3461 194 3514 st
206 3453 293 3516 vultu
312 3453 375 3529 ejus
396 3450 539 3524 interrito,
561 3458 670 3510 certam
690 3471 771 3530 spem
791 3455 923 3515 victoria
947 3455 1167 3534 augurabantur.

163 3550 263 3628 Atque
277 3548 327 3608 ille
341 3551 459 3625 proruto
472 3545 550 3605 vallo
564 3545 644 3604 exire
655 3549 752 3625 copias
763 3549 857 3627 jubet,
873 3551 1019 3630 aciemque
1034 3551 1166 3629 disponit.
1253 3605 1254 3608 ,

221 3649 269 3703 52.
289 3643 326 3703 In
341 3643 444 3702 dubo
457 3659 546 3700 corun
568 3641 656 3701 locati
675 3651 741 3702 sunt
763 3645 883 3724 equites,
896 3665 967 3725 quos
988 3649 1105 3723 Agemc
1123 3670 1168 3727 ao

67 3821 70 3828 .
162 3735 280 3816 pellant
334 3737 465 3798 Praeerat
490 3735 536 3796 his
564 3733 669 3811 (ilites,
697 3738 743 3796 oui
773 3740 874 3816 junxit
897 3741 1027 3802 Philotae
1053 3750 1167 3821 turmas,

164 3835 338 3908 caurusque
359 3831 519 3892 Praefectos
544 3831 674 3911 equitum
692 3832 852 3910 latericius
872 3834 1020 3912 applicuit.
1063 3837 1169 3898 Ultima
