2642 4386
408 341 532 386 aranu
557 341 655 388 ,viru
686 341 773 387 oar.
805 341 858 383 rx.
1085 323 1142 387 itt

126 490 204 546 emt
266 481 405 545 Gemmas
441 480 668 562 margaritasque
701 499 782 542 mare
815 479 966 552 littoribus
1000 479 1141 543 infundit.

127 579 231 659 Neque
255 578 315 638 alic
334 577 395 636 illis
417 579 510 654 major
530 576 688 655 opulentiae
707 577 1037 654 1⁰causaest,¹¹utique
1060 580 1140 654 post·

1 673 2 689 ¹
124 695 213 755 quum
235 674 376 735 vitiorum
405 672 607 732 commercium
630 671 790 751 vulgavere
822 672 855 732 in
881 676 996 731 exterus
1021 677 1139 750 gentes:

125 769 234 848 quippe
254 769 435 828 mstimantnr
458 773 649 844 purgamenta
671 766 824 826 aestuantis
849 765 920 824 freti
943 765 1038 844 pretio
1060 763 1141 844 quod

1 859 2 906 ἶ
127 865 148 894 ¹²
157 863 248 922 libido
262 861 420 922 constituit.
450 860 574 939 Ingenia
587 861 745 938 homiuum,
759 859 961 940 sicutnbiqno,
976 858 1055 938 apud
1068 858 1137 918 illos

126 957 254 1018 locorum
267 977 381 1038 qnoque
395 957 470 1016 situs
484 957 597 1016 formet.
641 955 771 1034 Corpora
792 973 884 1036 usque
904 955 995 1036 pedes
1019 953 1140 1014 carbaso

65 1037 68 1046 Ι
126 1053 232 1114 velant
283 1052 379 1114 Solcis
403 1051 501 1130 pedes,
526 1051 624 1130 capite
650 1051 749 1110 liuteis
773 1051 934 1112 vinciunt
970 1047 1080 1128 Lapilli
1103 1065 1141 1108 ex

125 1147 243 1208 curibus
262 1147 411 1225 pendent:
432 1145 552 1206 brechia
573 1165 695 1224 quoque,
711 1152 742 1206 ct
765 1145 892 1206 lacertos
914 1164 986 1206 auro
1001 1143 1139 1219 ”colunt

125 1243 230 1322 quibus
243 1241 321 1302 inter
333 1240 489 1318 populares
503 1247 555 1300 cut
574 1241 712 1302 nobilitas
732 1247 784 1300 aut
797 1258 867 1318 opes
881 1240 1016 1300 eminent
1059 1238 1077 1268 ¹⁴
1087 1235 1139 1298 Ga·

125 1339 229 1416 pillum
241 1344 364 1415 pectunt
377 1328 486 1412 soepids
505 1337 594 1413 quem
607 1335 748 1394 tondent:
771 1341 901 1394 mentum
915 1353 1029 1410 semper
1047 1333 1139 1390 inton-

126 1451 191 1492 sum
215 1440 270 1490 est.
322 1429 480 1508 Reliquam
504 1429 563 1488 oris
586 1435 683 1490 cutem
707 1428 745 1488 ad
768 1428 893 1507 speciem
914 1427 1044 1490 levitatis
1066 1445 1141 1488 exae-

146 1533 228 1586 nant

127 1547 148 1606 q
190 1621 237 1679 30.
259 1618 373 1698 Regum
402 1623 499 1676 temen
528 1616 678 1694 ¹'luxuria
704 1635 791 1696 quum
817 1615 875 1696 ipsi
898 1614 1141 1698 magnificentium
1214 1592 1218 1608 ⁸

128 1713 283 1792 appellant,
297 1732 384 1792 snpra
396 1711 524 1772 omnium
536 1712 667 1792 gentium
679 1713 760 1774 vitia.
813 1711 890 1774 cnm
903 1712 971 1772 Rex
983 1731 1014 1772 se
1028 1711 1058 1772 in
1069 1711 1140 1790 pub·

126 1809 183 1868 lico
196 1809 319 1887 conspici
331 1808 452 1887 patitur,
466 1807 615 1871 thuribula
627 1816 762 1888 argentea
774 1807 901 1870 ministri
914 1809 1020 1884 ierunt,
1034 1814 1140 1868 totum·

125 1923 182 2006 qpe
193 1904 259 1980 iter,
273 1921 325 1982 per
336 1903 414 1983 quod
427 1904 497 1963 ferri
517 1903 683 1980 destinavit,
696 1903 832 1966 odoribus
845 1903 997 1982 complent.
1038 1903 1140 1964 Aurea

125 1997 229 2058 lectitat
252 1998 417 2078 margaritis
449 1997 748 2076 circumpendentibus
775 1998 905 2060 recubat.
961 1997 1141 2058 ¹'Distinote

126 2099 194 2154 sunt
216 2113 286 2152 auro
300 2099 329 2152 et
350 2097 478 2170 purpurei
497 2093 625 2168 carbasa,
638 2112 703 2170 quae
721 2092 839 2152 indutus
862 2099 926 2152 cst:
947 2091 1077 2150 lecticam
1097 2110 1139 2150 se·

126 2194 257 2267 quuntnr
277 2187 382 2245 ,armati
405 2185 586 2265 corporisque
599 2185 741 2246 custodes.
782 2185 866 2244 Inter
878 2203 949 2264 quos
972 2186 1060 2244 ramis
1073 2203 1140 2246 aves

125 2281 262 2360 pendent,
276 2300 347 2360 quas
360 2287 447 2339 centu
460 2280 544 2340 scriis
557 2281 643 2340 rebus
656 2280 819 2356 obstrepere
839 2279 1004 2340 docuerunt
1045 2279 1141 2358 Regia

127 2378 273 2436 ²⁷auratas
295 2375 440 2435 columnus
462 2374 564 2452 bebet3
587 2381 663 2434 totas
683 2373 815 2436 saevitis
836 2373 937 2434 ¹⁸auro
957 2373 1058 2436 caelata
1074 2393 1140 2453 per·

126 2472 226 2548 currit,
254 2471 414 2550 oviumque,
440 2489 561 2550 querum
587 2469 652 2532 visu
678 2469 801 2528 menime
832 2469 969 2549 gaudent,
996 2475 1140 2550 argenteae

126 2567 231 2646 ffigies
257 2587 344 2646 opere
367 2566 543 2646 ‘distingunt
598 2565 694 2646 Regis
720 2565 891 2628 adeuntibus
916 2572 1006 2644 patet.
1062 2565 1139 2629 cnm

127 2663 262 2740 capillum
281 2662 371 2740 pectit
393 2669 478 2742 utque
499 2667 591 2737 ornat,
604 2667 674 2720 tunc
691 2679 826 2740 responsa
848 2661 1049 2741 legationibus,
1069 2671 1140 2734 tnnc

133 2759 201 2835 jure
213 2757 399 2835 popularibus
417 2757 522 2840 reddit
563 2756 697 2836 Demptis
719 2757 815 2833 soleis,
829 2756 965 2818 odoribus
986 2755 1140 2823 illinuntur

125 2852 223 2931 pedes
274 2853 293 2881 ²⁹
305 2851 441 2911 Venatts
462 2851 607 2912 maximus
629 2851 711 2912 labor
734 2857 788 2926 est,
812 2849 925 2910 inclusa
947 2848 1059 2910 vivario
1079 2851 1139 2910 cni·

124 2945 216 3006 malis
228 2944 307 3003 inter
319 2951 387 3005 vota
400 2953 553 3024 cantusque
569 2946 707 3024 pellicum
718 2945 812 3023 figere.
854 2943 966 3004 Binum
978 2944 1139 3008 cubitorum

125 3039 242 3119 sagitte
255 3045 331 3114 sunt,
345 3057 417 3118 quas
439 3039 575 3100 emittunt
586 3043 695 3117 majore
706 3039 778 3098 nixu
790 3039 878 3118 qutm
892 3039 1013 3100 effectu:
1033 3041 1138 3122 qnippe

124 3136 226 3211 telum,
247 3137 331 3212 cujus
351 3135 384 3194 in
396 3133 516 3194 levitate
528 3135 574 3196 vis
596 3135 688 3194 omnis
701 3140 753 3210 cst,
768 3134 788 3163 ²⁰
797 3133 920 3194 inhabili
932 3134 1059 3212 pondere
1072 3156 1138 3196 one·

123 3239 215 3293 ratur.
256 3230 398 3292 Breviora
409 3230 518 3290 itinera
537 3249 609 3310 equo
623 3229 741 3292 conficit.
782 3229 911 3310 Longior
923 3229 975 3292 ubi
989 3232 1137 3312 expeditio

124 3335 180 3402 cst,
194 3325 340 3405 elephanti
354 3325 465 3386 vehunt
487 3344 612 3401 currum,
626 3331 657 3384 ct
676 3331 820 3386 tantarum
842 3325 1005 3387 belluarum
1018 3343 1138 3404 corpore

123 3429 188 3482 tota
202 3428 356 3501 contegunt
369 3441 446 3482 auro.
487 3422 535 3482 Ao
556 3420 677 3502 nequid
698 3421 820 3500 perditis
842 3421 972 3484 moribus
985 3421 1072 3496 desit,
1083 3419 1137 3478 lec·

123 3517 191 3578 tieis
217 3518 313 3578 aureis
338 3517 475 3596 pellicum
500 3517 604 3598 longus
635 3517 705 3578 crdo
731 3517 869 3597 sequitur.
925 3515 1094 3591 depuratum
1120 3532 1139 3572 a

125 3612 249 3692 Reginae
261 3612 362 3672 ordine
375 3631 476 3692 agmen
488 3619 542 3688 est,
555 3619 707 3692 aequatque
719 3611 846 3672 luxurie.
888 3607 1025 3668 Foeminae
1037 3605 1138 3684 epulan

124 3715 235 3786 parant
277 3707 326 3769 Ab
349 3707 452 3768 iisdem
465 3708 564 3768 vinum
585 3708 776 3782 ministratur,
791 3707 874 3780 cujus
898 3699 1029 3759 omnibus
1052 3699 1137 3764 Indis

124 3801 221 3884 largus
244 3809 289 3864 est
310 3821 388 3864 usne
440 3803 550 3882 Regem
574 3822 654 3864 mero
675 3817 829 3878 somnoque
849 3795 984 3874 sopitum,
1008 3794 1039 3854 in
1059 3797 1137 3860 cubi·
