2642 4386
250 317 305 380 160
587 333 726 388 ourrrr
754 333 907 376 cuarrr.

246 478 366 535 tantbm.
423 473 572 552 (lateram
598 493 630 534 se
657 481 772 552 gentem
799 473 829 532 in
856 471 943 532 fidem
975 471 1100 547 dedere,
1125 475 1238 548 superata

245 571 355 640 virtute
369 570 455 628 illius.
499 570 576 645 Rex,
590 569 647 628 fide
663 570 742 643 data,
757 577 787 628 et
808 568 931 648 captivis
955 569 1104 646 receptis,
1118 563 1236 646 genteuia

245 665 421 726 deditionem
445 666 563 744 aceepit.
607 663 720 726 ilustris
743 665 811 724 iude
835 665 931 738 motis,
956 665 1075 724 lectica
1096 661 1203 722 militari
1216 659 1237 714 le

244 761 370 836 rebatur,
392 763 481 841 quam
502 781 554 840 pro
578 779 609 819 se
630 761 752 840 quisque
774 779 862 839 eques
882 759 1042 839 pedesque
1066 759 1161 820 subire
1178 761 1237 812 certa

244 855 320 917 baut.
365 857 497 937 Equites,
522 875 587 914 cum
608 856 713 934 quibus
741 856 808 914 Rex
836 855 936 933 praelia
967 855 1051 914 inire
1076 854 1175 913 solitus
1192 855 1236 916 erat

244 953 291 1012 sui
312 953 440 1012 muneris
453 953 484 1010 id
499 971 561 1010 esse
583 951 745 1010 censebant
788 951 909 1010 Pedites
930 953 1056 1028 eontra,
1072 951 1140 1008 edm
1159 944 1236 1005 saucia

244 1047 452 1106 commilitones
475 1047 531 1124 ipsi
552 1055 668 1124 gestare
692 1047 896 1120 assuevisseut,
924 1047 1007 1124 eripi
1035 1047 1097 1106 sibi
1124 1040 1236 1122 propriam

244 1141 376 1218 officium,
392 1143 476 1201 'tum
497 1142 688 1220 potissimum,
702 1143 771 1201 crlm
794 1143 861 1201 Rex
874 1143 1043 1220 gestandus
1069 1146 1154 1212 esset,
1171 1149 1233 1214 quera

244 1237 357 1298 bantur.
400 1237 467 1298 Rex
481 1238 512 1297 in
525 1243 607 1298 tauto
618 1239 771 1317 utriusque
785 1239 878 1315 partis
892 1237 1071 1312 certamine,
1087 1243 1118 1293 et
1131 1221 1180 1292 sibi
1191 1225 1234 1285 diffi-

244 1335 337 1410 cilem,
365 1342 396 1394 et
417 1335 594 1414 ‘preteritis
620 1355 737 1414 gravem
764 1333 936 1393 electionem
959 1336 1101 1393 futuram
1124 1321 1231 1396 raama

243 1432 336 1491 vicem
360 1432 457 1492 subire
481 1451 530 1492 eos
549 1433 647 1510 jussit.
691 1431 769 1488 Hine
791 1437 895 1508 quarto
916 1429 964 1488 die
988 1430 1031 1489 ad
1052 1427 1154 1487 urbem
1172 1419 1232 1479 liau-

244 1527 336 1586 eanda
359 1535 528 1605 perventum
544 1535 596 1586 est
654 1525 847 1603 Septuaginta
871 1525 967 1584 stadia
990 1542 1098 1584 murus
1118 1517 1229 1578 urbiam

247 1621 402 1699 plectitur3
426 1641 479 1680 arx
501 1622 582 1680 illius
606 1621 731 1698 cingitur
754 1639 844 1678 muro.
887 1620 1041 1680 Praesidio
1063 1616 1132 1678 urbi
1152 1609 1230 1672 relisit

243 1716 391 1793 proximos
419 1717 497 1776 vicos
530 1717 731 1794 depopulatur,
766 1723 853 1795 atque
886 1716 956 1774 urit.
1020 1711 1126 1792 Legati
1157 1698 1228 1764 deiadl

244 1811 388 1870 Abiorum
404 1809 576 1888 Scytharum
604 1811 820 1888 superveniunt,
840 1810 943 1870 ‘liberi
963 1831 1003 1870 ex
1029 1827 1089 1890 quo
1104 1799 1228 1864 decerent

245 1905 349 1982 (lyras,
381 1912 444 1964 tum
479 1906 619 1984 imperata
645 1906 758 1964 facturi.
815 1906 1033 1966 ‘Justissimos
1068 1901 1225 1963 Barbarum

243 2001 412 2062 constabat:
434 2002 523 2061 armis
547 2001 732 2062 abstinebant
754 2002 811 2061 nisi
836 2001 971 2062 lacessiti.
1020 1993 1175 2061 Libertatis
1191 2001 1226 2042 mss·

243 2095 308 2156 dico
330 2105 361 2156 et
382 2098 488 2178 aequali
511 2117 575 2172 usu,
599 2097 779 2176 principibus
806 2097 975 2156 humiliores
1005 2114 1093 2177 pares
1120 2083 1222 2150 feceruut
1248 2095 1249 2148 l

244 2193 309 2252 Hos
333 2194 456 2274 benigne
481 2193 632 2268 allocutus,
647 2193 684 2252 ad
709 2211 758 2251 eos
772 2192 904 2270 Scythas,
926 2193 977 2272 qui
1001 2179 1224 2266 Europamimt

242 2287 316 2363 lunt,
332 2289 448 2348 Berdeu
468 2289 621 2398 quemdam
642 2289 723 2348 misit
744 2307 780 2348 ex
804 2288 912 2364 amieis,
925 2289 976 2367 qui
998 2283 1177 2348 denunciaret
1191 2268 1249 2335 ab,

243 2403 279 2442 ne
294 2384 416 2442 Tanaim
430 2403 543 2442 amnem
557 2383 681 2461 regionis
702 2384 816 2460 injussu
836 2382 928 2460 Regis
942 2384 1111 2444 transirent
1150 2365 1195 2432 Fal
1195 2378 1223 2420 0¹¹¹

242 2477 420 2551 mandatum,
435 2485 470 2535 ut
484 2479 728 2556 contemplaretur
749 2479 878 2538 locorum
900 2480 998 2554 situm,
1015 2487 1046 2538 et
1059 2476 1123 2536 illos
1140 2471 1220 2546 quoque

244 2571 375 2649 Scythas,
390 2573 440 2651 qui
454 2591 541 2650 super
555 2572 706 2650 Bosphoro
720 2574 858 2648 incolunt,
872 2575 987 2634 viseret

303 2656 349 2725 2'5.
374 2665 540 2728 Condendae
562 2666 642 2726 urbis
665 2667 762 2726 sedem
777 2689 864 2747 super
888 2670 981 2747 ripam
996 2671 1106 2729 Tanais
1120 2649 1218 2731 elegerat

243 2761 402 2822 claustrum
426 2766 485 2824 et
473 2783 534 2842 Jam
558 2761 794 2841 perdomitorum,
818 2765 879 2823 et⁸
890 2783 962 2844 quos
984 2763 1091 2824 deinde
1112 2740 1219 2816 adired

243 2867 383 2919 creverat
426 2860 483 2920 Sed
507 2859 660 2919 eonsilium
676 2858 793 2918 distulit
817 2860 1030 2938 Sogdianorum
1054 2834 1216 2916 nuntiarit

241 2955 339 3028 sectio,
353 2973 419 3032 qum
434 2955 604 3014 Bactrianos
617 2974 730 3034 quoque
744 2956 844 3014 traxit
889 2955 1007 3034 Septem
1021 2952 1113 3015 millia
1124 2937 1217 3020 ,quitur

245 3055 335 3123 erant,
356 3069 478 3126 quorum
499 3051 702 3109 auctoritatem
722 3049 820 3108 caeteri
841 3051 1045 3130 sequebantur.
1087 3024 1216 3105 Alexander

244 3143 439 3220 Spitamenem
463 3152 493 3203 et
518 3144 664 3222 Gatenem,
685 3167 703 3204 a
725 3145 877 3224 quibus
853 3167 880 3204 er
903 3147 1033 3206 traditus
1053 3145 1114 3204 erat
1102 3131 1216 3196 tB⁰³⁵¹¹⁸¹

243 3238 320 3296 haud
344 3231 457 3298 dubius*
473 3241 543 3318 quia
564 3261 664 3300 eorum
679 3245 766 3320 opera
780 3241 874 3321 redigi
895 3250 1013 3320 possent
1027 3243 1059 3300 in
1071 3227 1214 3317 potestatem

242 3335 292 3414 qui
316 3342 492 3394 novaverant
513 3355 569 3412 res,
594 3338 684 3414 jussit
710 3338 825 3396 accersi.
868 3338 912 3397 At
939 3322 1176 3416 intestatione

243 3451 328 3510 quam
343 3430 529 3490 coercendam
550 3432 751 3508 avocabantur,
773 3439 915 3508 auctores,
929 3433 1114 3512 vulgaverant
1132 3419 1212 3480 famatis

244 3525 416 3586 Bactrianos
441 3526 553 3606 equites
577 3545 595 3584 a
619 3525 702 3635 Rege
716 3547 822 3602 omnes,
843 3535 878 3586 ut
898 3529 1101 3597 occiderentur,
1120 3508 1213 3576 wilm

243 3623 348 3702 'idque
376 3624 547 3701 imperatum
574 3623 665 3700 ipsis;
686 3643 744 3682 non
765 3624 937 3683 sustinuisse
964 3631 1061 3682 tamen
1081 3603 1212 3688 ex0q¹¹¹2l⁰

243 3718 461 3795 inexpiabile
454 3739 482 3777 ιιι
510 3719 663 3797 populares
696 3719 809 3778 facinus
838 3719 1040 3778 admitterent:
1075 3730 1125 3774 uon
1149 3699 1213 3766 ΜΝ

246 3812 407 3872 Alexandri
433 3816 583 3889 saevitiam,
605 3817 692 3894 quam
708 3813 793 3874 Bessi
818 3815 1004 3892 parricidium
1024 3815 1096 3872 ferre
1109 3789 1208 3882 p⁰l¹¹¹⁶³⁶'
1248 3799 1249 3848 l
